@Article{2-ANCDxx,
 author = {\underline{Arpa Perozo}, M. and \underline{Niddam}, E. and Cuvillon, L. and Durand, S. and \textbf{\textbf{Gangloff}}, J.},
 title = {Teleoperation of a Suspended Aerial Manipulator Using a Handheld Camera with an IMU},
 journal = {IEEE Robotics and Automation Letters},
number = {1},
 volume = {10},
 year = {2025},
 x-international-audience = {Yes},
 x-language = {EN},
 url = {http://publis.icube.unistra.fr/2-ANCDxx}
}

@Article{2-NDCD24,
 author = {\underline{Niddam}, E. and Dumon, J. and Cuvillon, L. and Durand, S. and Querry, S. and Hably, A. and \textbf{Gangloff}, J.},
 title = {Design of a Suspended Manipulator with Aerial Elliptic Winding},
 journal = {IEEE Robotics and Automation Letters},
 number = {9},
 volume = {9},
 year = {2024},
 doi = {10.1109/LRA.2024.3434928},
 x-international-audience = {Yes},
 x-language = {EN},
 url = {http://publis.icube.unistra.fr/2-NDCD24}
}

@Inproceedings{2-NDCD24-ICRA,
 author = {\underline{Niddam}, E. and Dumon, J. and Cuvillon, L. and Durand, S. and Querry, S. and Hably, A. and \textbf{Gangloff}, J.},
 title = {Design of a Suspended Manipulator with Aerial Elliptic Winding},
 booktitle = {IEEE International Conference on Robotics and Automation (ICRA25)},
 month = {5},
 year = {2025},
 note = {Conference paper corresponding to the IEEE RAL journal paper with the same title.},
 x-international-audience = {Yes},
 x-language = {EN},
}

@Inproceedings{4-LMKN24,
 author = {Landes, T. and Macher, H. and Kastendeuch, P. and Najjar, G. and Nerry, F. and \textbf{Gangloff}, J. and Cuvillon, L. and Durand, S. and Lallemant, A. and Bonal, D. and Breda, N. and Saudreau, M. and Am\'eglio, T. and Serre, C. and Bastianelli, C. and Slisse, P. and Lecomte, V. and Colot, P. and Laille, P.},
 title = {Modeling of street trees for urban micro-climatology in Strasbourg – The TIR4STREET project},
 booktitle  = {Colloque de l'Association Internationale de Climatologie},
 pages = {2},
 month = Jun,
 year = {2024},
 x-international-audience = {Yes},
 x-language = {EN},
 url = {http://publis.icube.unistra.fr/4-LMKN24}
}

@Article{2-CAYD23,
 author = {Cuvillon, L. and \underline{Arpa Perozo}, M. and \underline{Yigit}, A. and Durand, S. and \textbf{Gangloff}, J.},
 title = {Offset-free Nonlinear Model Predictive Control for Improving Dynamics of Cable-Driven Parallel Robots with On-board Thrusters},
 journal = {Mechanism and Machine Theory},
 number = {105141},
 volume = {180},
 year = {2023},
 doi = {10.1016/j.mechmachtheory.2022.105141},
 x-international-audience = {Yes},
 x-language = {EN},
 url = {http://publis.icube.unistra.fr/2-CAYD23}
}

@Article{2-YCAD23,
 author = {\underline{Yigit}, A. and Cuvillon, L. and \underline{Arpa Perozo}, M. and Durand, S. and \textbf{Gangloff}, J.},
 title = {Dynamic Control of a Macro–Mini Aerial Manipulator With Elastic Suspension},
 journal = {IEEE Transactions on Robotics},
 number = {6},
 volume = {39},
 year = {2023},
 doi = {10.1109/TRO.2023.3299548},
 x-international-audience = {Yes},
 x-language = {EN},
 url = {http://publis.icube.unistra.fr/2-YCAD23}
}

@Inproceedings{4-ADYC22,
 author = {\underline{Arpa Perozo}, M. and Dussine, J. and \underline{Yigit}, A. and Cuvillon, L. and Durand, S. and \textbf{Gangloff}, J.},
 title = {Optimal Design and Control of an Aerial Manipulator with Elastic Suspension Using Unidirectional Thrusters},
 booktitle  = {IEEE International Conference on Robotics and Automation (ICRA)},
 month = Jan,
 year = {2022},
 x-international-audience = {Yes},
 x-language = {EN},
 url = {http://publis.icube.unistra.fr/4-ADYC22}
}

@Article{2-YACD21,
 author = {\underline{Yigit}, A. and \underline{Arpa Perozo}, M. and Cuvillon, L. and Durand, S. and \textbf{Gangloff}, J.},
 title = {Novel Omnidirectional Aerial Manipulator with Elastic Suspension: Dynamic Control and Experimental Performance Assessment},
 journal = {IEEE Robotics and Automation Letters},
 number = {2},
 volume = {6},
 year = {2021},
 doi = {10.1109/LRA.2020.3048880},
 x-international-audience = {Yes},
 x-language = {EN},
 url = {http://publis.icube.unistra.fr/2-YACD21}
}

@Inproceedings{4-YAOC21,
 author = {\underline{Yigit}, A. and \underline{Arpa Perozo}, M. and Ouafo Fonkoua, M. and Cuvillon, L. and Durand, S. and \textbf{Gangloff}, J.},
 title = {Aerial Manipulator Suspended from a Cable-Driven Parallel Robot: Preliminary Experimental Results},
 booktitle  = {IEEE/RSJ International Conference on Intelligent Robots and Systems},
 month = Oct,
 year = {2021},
 organization = {IEEE},
 x-international-audience = {Yes},
 x-language = {EN},
 url = {http://publis.icube.unistra.fr/4-YAOC21}
}

@Inproceedings{4-YACD21,
 author = {\underline{Yigit}, A. and \underline{Arpa Perozo}, M. and Cuvillon, L. and Durand, S. and \textbf{Gangloff}, J.},
 title = {Novel Omnidirectional Aerial Manipulator with Elastic Suspension: Dynamic Control and Experimental Performance Assessment},
 booktitle  = {International Conference on Robotics and Automation (ICRA 2021)},
 month = Jan,
 year = {2021},
 organization = {IEEE},
 x-international-audience = {Yes},
 x-language = {EN},
 url = {http://publis.icube.unistra.fr/4-YACD21}
}

@Inproceedings{4-YACD21a,
 author = {\underline{Yigit}, A. and \underline{Arpa Perozo}, M. and Cuvillon, L. and Durand, S. and \textbf{Gangloff}, J.},
 title = {Improving Dynamics of an Aerial Manipulator with Elastic Suspension Using Nonlinear Model Predictive Control},
 booktitle  = {2021 IEEE International Conference on Robotics and Automation (ICRA)},
 month = Jan,
 year = {2021},
 organization = {IEEE},
 x-international-audience = {Yes},
 x-language = {EN},
 url = {http://publis.icube.unistra.fr/4-YACD21a}
}

@Article{2-CWG20,
 author = {Cuvillon, L. and \underline{Weber}, X. and \textbf{Gangloff}, J.},
 title = {Modal Control for Active Vibration Damping of Cable-Driven Parallel Robots},
 journal = {Journal of Mechanisms and Robotics},
 volume = {12},
 year = {2020},
 x-international-audience = {Yes},
 x-language = {EN},
 url = {http://publis.icube.unistra.fr/2-CWG20}
}

@Inproceedings{4-KCBY20,
 author = {\underline{Khayour}, I. and Cuvillon, L. and Butin, C. and \underline{Yigit}, A. and Durand, S. and \textbf{Gangloff}, J.},
 title = {Improving Disturbance Rejection and Dynamics of Cable Driven Parallel Robots with On-board Propellers},
 booktitle  = {IEEE/RSJ International Conference on Intelligent Robots and Systems (IROS)},
 month = Oct,
 year = {2020},
 x-international-audience = {Yes},
 x-language = {EN},
 url = {http://publis.icube.unistra.fr/4-KCBY20}
}

@Inproceedings{4-YGCD20,
 author = {\underline{Yigit}, A. and Grappe, G. and Cuvillon, L. and Durand, S. and \textbf{Gangloff}, J.},
 title = {Preliminary Study of an Aerial Manipulator with Elastic Suspension},
 booktitle  = {2020 International Conference on Robotics and Automation (ICRA)},
 month = Jan,
 year = {2020},
 x-international-audience = {Yes},
 x-language = {EN},
 url = {http://publis.icube.unistra.fr/4-YGCD20}
}

@Inproceedings{4-KDCG20,
 author = {\underline{Khayour}, I. and Durand, S. and Cuvillon, L. and \textbf{Gangloff}, J.},
 title = {Active Damping of Parallel Robots Driven by Elastic Cables using On-Off Actuators through Model Predictive Control Allocation},
 booktitle  = {21st IFAC World Congress},
 month = Jan,
 year = {2020},
 x-international-audience = {Yes},
 x-language = {EN},
 url = {http://publis.icube.unistra.fr/4-KDCG20}
}

@Article{2-BCLG19,
 author = {\underline{Begey}, J. and Cuvillon, L. and \underline{Lesellier}, M. and Gouttefarde, M. and \textbf{Gangloff}, J.},
 title = {Dynamic  Control  of  Parallel  Robots  Driven  by  Flexible Cables  and  Actuated  by  Position-Controlled  Winches},
 journal = {IEEE Transactions on Robotics},
 number = {1},
 volume = {35},
 year = {2019},
 doi = {10.1109/TRO.2018.2875415},
 x-international-audience = {Yes},
 x-language = {EN},
 url = {http://publis.icube.unistra.fr/2-BCLG19}
}

@Inproceedings{4-SKCD19,
 author = {\underline{Sellet}, H. and \underline{Khayour}, I. and Cuvillon, L. and Durand, S. and \textbf{Gangloff}, J.},
 title = {Active Damping of Parallel Robots Driven by Flexible Cables Using Cold-Gas Thrusters},
 booktitle  = {International Conference on Robotics and Automation},
 month = Jan,
 year = {2019},
 doi = {10.1109/ICRA.2019.8794061},
 x-international-audience = {Yes},
 x-language = {EN},
 url = {http://publis.icube.unistra.fr/4-SKCD19}
}

@Inproceedings{4-LCGG18,
 author = {\underline{Lesellier}, M. and Cuvillon, L. and \textbf{Gangloff}, J. and Gouttefarde, M.},
 title = {An Active Stabilizer for Cable-Driven Parallel Robot Vibration Damping},
 booktitle  = {IEEE/RSJ International Conference on Intelligent Robots and Systems},
 month = Jan,
 year = {2018},
 x-international-audience = {Yes},
 x-language = {EN},
 url = {http://publis.icube.unistra.fr/4-LCGG18}
}

@Book{1-Gang17,
 author = {\textbf{Gangloff}, J.},
 title = {La robotique par la pratique},
 pages = {146},
 month = Sep,
 year = {2017},
 publisher = {CreateSpace Independent Publishing Platform},
 edition = {1},
 note = {https://amzn.eu/d/1yD0O3q},
 keywords = {Robotique; Enseignement; Education; Master},
 ISBN = {1976171776},
 x-international-audience = {},
 x-language = {FR},
 url = {http://publis.icube.unistra.fr/1-Gang17}
}

@Inproceedings{4-WCG15,
 author = {\underline{Weber}, X. and Cuvillon, L. and \textbf{Gangloff}, J.},
 title = {Active vibration canceling of a cable-driven parallel robot in modal space},
 booktitle  = {International Conference on Robotics and Automation (ICRA)},
 month = May,
 year = {2015},
 x-international-audience = {Yes},
 x-language = {EN},
 url = {http://publis.icube.unistra.fr/4-WCG15}
}

@Inbook{1-GBRP14,
 author = {\underline{Gagne}, J. and \underline{Bachta}, W. and Renaud, P. and Piccin, O. and Laroche, E. and \textbf{Gangloff}, J.},
 title = {Beating Heart Surgery: Active Compensation for Minimally Invasive Coronary Artery Bypass Grafting},
 booktitle  = {Computational Surgery and Dual Training},
 pages = {203--210},
 year = {2014},
 editor = {M. Garbey},
 publisher = {Springer},
 x-international-audience = {},
 x-language = {EN},
 url = {http://publis.icube.unistra.fr/1-GBRP14}
}

@Inbook{1-BJBG14,
 author = {Bayle, B. and \underline{Joinie-Maurin}, M. and \underline{Barb\'e}, L. and \textbf{Gangloff}, J. and de Mathelin, M.},
 title = {Robot interaction control in medicine and surgery. Open problems and recent results.},
 booktitle  = {Computational Surgery and Dual Training},
 pages = {169--191},
 year = {2014},
 editor = {M. Garbey},
 publisher = {Springer},
 x-international-audience = {},
 x-language = {EN},
 url = {http://publis.icube.unistra.fr/1-BJBG14}
}

@Article{2-RRCG14,
 author = {\underline{Rubbert}, L. and Renaud, P. and Caro, S. and \textbf{Gangloff}, J.},
 title = {Design of a compensation mechanisms for an active cardiac stabilizer based on an assembly of planar compliant mechanisms},
 journal = {Mechanics \& Industry},
 number = {2},
 volume = {15},
 pages = {147--151},
 month = Sep,
 year = {2014},
 doi = {10.1051/meca/2014013},
 x-international-audience = {Yes},
 x-language = {EN},
 url = {http://publis.icube.unistra.fr/2-RRCG14}
}

@Article{2-BMGB14,
 author = {Bour, G. and Martel, F. and Goffin, L. and Bayle, B. and \textbf{Gangloff}, J. and Aprahamian, P. and Marescaux, J. and Egly, J-M.},
 title = {Design and Development of a Robotized System Coupled to \( \mu \)CT Imaging for Intratumoral Drug Evaluation in a HCC Mouse Model},
 journal = {PLoS ONE},
 pages = {8},
 month = Sep,
 year = {2014},
 doi = {10.1371/journal.pone.0106675},
 x-international-audience = {Yes},
 x-language = {EN},
 url = {http://publis.icube.unistra.fr/2-BMGB14}
}

@Article{2-RCGR14,
 author = {\underline{Rubbert}, L. and Caro, S. and \textbf{Gangloff}, J. and Renaud, P.},
 title = {Using Singularities of Parallel Manipulators to Enhance the Rigid-Body Replacement Design Method of Compliant Mechanisms},
 journal = {Journal of Mechanical Design},
 number = {5},
 volume = {136},
 pages = {51010},
 month = May,
 year = {2014},
 doi = {10.1115/1.4026949},
 x-international-audience = {Yes},
 x-language = {EN},
 url = {http://publis.icube.unistra.fr/2-RCGR14}
}

@Article{3-GPLD14,
 author = {\underline{Gagne}, J. and Piccin, O. and Laroche, E. and Diana, M. and \textbf{Gangloff}, J.},
 title = {Commande du stabilisateur cardiaque actif GyroLock},
 journal = {Journal Europ\'een des Syst\`emes Automatis\'es},
 number = {7-8},
 pages = {1-27},
 month = Jul,
 year = {2014},
 x-international-audience = {No},
 x-language = {FR},
 url = {http://publis.icube.unistra.fr/3-GPLD14}
}

@Inproceedings{4-WCG14,
 author = {\underline{Weber}, X. and Cuvillon, L. and \textbf{Gangloff}, J.},
 title = {Active vibration canceling of a cable-driven parallel robot using reaction wheels},
 booktitle  = {IEEE/RSJ International Conference on Intelligent Robots and Systems (IROS)},
 month = Sep,
 year = {2014},
 organization = {IEEE},
 x-international-audience = {Yes},
 x-language = {EN},
 url = {http://publis.icube.unistra.fr/4-WCG14}
}

@Inbook{1-GNP13,
 author = {\textbf{Gangloff}, J. and Nageotte, F. and Poignet, P.},
 title = {Vision-based control, chapter 6},
 booktitle  = {Medical Robotics},
 pages = {1--57},
 year = {2013},
 editor = {Troccaz, J.},
 publisher = {John Wiley \& Sons},
 ISBN = {978-1-84821-334-0},
 x-international-audience = {},
 x-language = {EN},
 url = {http://publis.icube.unistra.fr/1-GNP13}
}

@Article{2-GBMN13,
 author = {Goffin, L. and Bour, G. and Martel, F. and Nicolau, S. and \textbf{Gangloff}, J. and Egly, J-M. and Bayle, B.},
 title = {Design and In Vivo Evaluation of a Robotized Needle Insertion System for Small Animals},
 journal = {IEEE Transactions on Biomedical Engineering},
 number = {8},
 volume = {60},
 pages = {2193--2204},
 month = Aug,
 year = {2013},
 doi = {10.1109/TBME.2013.2243728},
 x-international-audience = {Yes},
 x-language = {EN},
 url = {http://publis.icube.unistra.fr/2-GBMN13}
}

@Inproceedings{5-CCLG13,
 author = {\underline{Chellal}, R. and Cuvillon, L. and Laroche, E. and \textbf{Gangloff}, J.},
 title = {Asservissement visuel cin\'ematique d'un robot parall\`ele \`a c\^ables \`a 6 ddl},
 booktitle  = {JD MACS},
 month = Jul,
 year = {2013},
 editor = {GDR MACS},
 x-international-audience = {No},
 x-language = {FR},
 url = {http://publis.icube.unistra.fr/5-CCLG13}
}

@Inproceedings{5-RRCG13,
 author = {\underline{Rubbert}, L. and Renaud, P. and Caro, S. and \textbf{Gangloff}, J.},
 title = {Design of a compensation mechanism for an active cardiac stabilizer based on an assembly of planar compliant mechanisms},
 booktitle  = {21\`eme Congr\`es Français de M\'ecanique},
 pages = {1--6},
 month = Jan,
 year = {2013},
 x-international-audience = {No},
 x-language = {FR},
 url = {http://publis.icube.unistra.fr/5-RRCG13}
}

@Inbook{1-GNP12,
 author = {\textbf{Gangloff}, J. and Nageotte, F. and Poignet, P.},
 title = {Commande par vision, chapter 6},
 booktitle  = {Robotique m\'edicale},
 series = {Trait\'e IC2},
 pages = {209--268},
 year = {2012},
 editor = {J. Troccaz},
 publisher = {Hermes - Lavoisier},
 x-international-audience = {},
 x-language = {FR},
 url = {http://publis.icube.unistra.fr/1-GNP12}
}

@Article{2-CLGD12,
 author = {Cuvillon, L. and Laroche, E. and \textbf{Gangloff}, J. and de Mathelin, M.},
 title = {A multivariable methodology for fast visual servoing of flexible manipulators moving in a restricted workspace},
 journal = {Advanced Robotics},
 number = {15},
 volume = {26},
 pages = {1771--1797},
 month = May,
 year = {2012},
 doi = {10.1080/01691864.2012.685230},
 x-international-audience = {Yes},
 x-language = {EN},
 url = {http://publis.icube.unistra.fr/2-CLGD12}
}

@Article{2-GPLD12,
 author = {\underline{Gagne}, J. and Piccin, O. and Laroche, E. and Diana, M. and \textbf{Gangloff}, J.},
 title = {GyroLock: Stabilizing the heart with control moment gyroscope (CMG) - From concept to first in vivo assessments},
 journal = {IEEE Transactions on Robotics},
 number = {4},
 volume = {28},
 pages = {942--954},
 year = {2012},
 doi = {10.1109/TRO.2012.2188162},
 x-international-audience = {Yes},
 x-language = {EN},
 url = {http://publis.icube.unistra.fr/2-GPLD12}
}

@Article{3-NLCG12,
 author = {\underline{Nguyen}, T-T. and Laroche, E. and Cuvillon, L. and \textbf{Gangloff}, J. and Piccin, O.},
 title = {Identification d’un mod\`ele ph\'enom\'enologique de robot \`a c\^ables},
 journal = {Journal Europ\'een des Syst\`emes Automatis\'es},
 number = {6-7},
 volume = {56},
 pages = {673--689},
 month = Nov,
 year = {2012},
 note = {Num\'ero sp\'ecial "Identification des Syst\`emes"},
 doi = {10.3166/jesa.46.673-689},
 x-international-audience = {No},
 x-language = {FR},
 url = {http://publis.icube.unistra.fr/3-NLCG12}
}

@Article{3-BLRG12,
 author = {\underline{Bachta}, W. and Laroche, E. and Renaud, P. and \textbf{Gangloff}, J.},
 title = {Commande robuste d’un stabilisateur cardiaque actif},
 journal = {Journal Europ\'een des Syst\`emes Automatis\'es},
 number = {4-5},
 volume = {46},
 pages = {559--575},
 year = {2012},
 doi = {10.3166/jesa.46.559-575},
 x-international-audience = {No},
 x-language = {FR},
 url = {http://publis.icube.unistra.fr/3-BLRG12}
}

@Inproceedings{4-CLCG12,
 author = {\underline{Chellal}, R. and Laroche, E. and Cuvillon, L. and \textbf{Gangloff}, J.},
 title = {An Identification Methodology for 6 DoF Cable-Driven Parallel Robots Parameters - Application to the INCA 6D Robot},
 booktitle  = {Conference on Cable-Driven Parallel Robots},
 month = Sep,
 year = {2012},
 x-international-audience = {Yes},
 x-language = {EN},
 url = {http://publis.icube.unistra.fr/4-CLCG12}
}

@Inproceedings{4-LCCG12,
 author = {Laroche, E. and \underline{Chellal}, R. and Cuvillon, L. and \textbf{Gangloff}, J.},
 title = {A Preliminary Study for $H_{\infty}$ Control of Parallel Cable-Driven Manipulators},
 booktitle  = {First International Conference on Cable-Driven Parallel Robots},
 month = Aug,
 year = {2012},
 publisher = {Springer},
 x-international-audience = {Yes},
 x-language = {EN},
 url = {http://publis.icube.unistra.fr/4-LCCG12}
}

@Inproceedings{4-RRG12a,
 author = {\underline{Rubbert}, L. and Renaud, P. and \textbf{Gangloff}, J.},
 title = {A design method based on ant colony optimization for compliant mechanisms: introduction and application to a surgical tool},
 booktitle  = {IDETC2012},
 month = Aug,
 year = {2012},
 editor = {ASME},
 doi = {10.1115/DETC2012-70383},
 x-international-audience = {Yes},
 x-language = {EN},
 url = {http://publis.icube.unistra.fr/4-RRG12a}
}

@Inproceedings{4-RRG12,
 author = {\underline{Rubbert}, L. and Renaud, P. and \textbf{Gangloff}, J.},
 title = {Design and optimization for a cardiac active stabilizer based on planar parallel compliant mechanisms},
 booktitle  = {ESDA2012},
 month = Jul,
 year = {2012},
 editor = {ASME},
 doi = {10.1115/ESDA2012-82278},
 x-international-audience = {Yes},
 x-language = {EN},
 url = {http://publis.icube.unistra.fr/4-RRG12}
}

@Inproceedings{4-RCRG12,
 author = {\underline{Rubbert}, L. and Caro, S. and Renaud, P. and \textbf{Gangloff}, J.},
 title = {A Planar RRP Compliant Mechanism based on the Singularity Analysis of a 3-US Parallel Mechanism},
 booktitle  = {ARK2012},
 month = Jun,
 year = {2012},
 doi = {10.1007/978-94-007-4620-6_48},
 x-international-audience = {Yes},
 x-language = {EN},
 url = {http://publis.icube.unistra.fr/4-RCRG12}
}

@Article{2-BRLF11,
 author = {\underline{Bachta}, W. and Renaud, P. and Laroche, E. and Forgione, A. and \textbf{Gangloff}, J.},
 title = {Active stabilization for robotized beating heart surgery},
 journal = {IEEE Transactions on Robotics},
 number = {4},
 volume = {27},
 pages = {757--768},
 year = {2011},
 doi = {10.1109/TRO.2011.2137770},
 x-international-audience = {Yes},
 x-language = {EN},
 url = {http://publis.icube.unistra.fr/2-BRLF11}
}

@Article{2-BRLG11,
 author = {\underline{Bachta}, W. and Renaud, P. and Laroche, E. and \textbf{Gangloff}, J.},
 title = {The Cardiolock project: design of an active cardiac stabilizer for cardiac surgery},
 journal = {Journal of Mechanical Design},
 number = {071002},
 volume = {133},
 pages = {1--10},
 year = {2011},
 doi = {10.1115/1.4004117},
 x-international-audience = {Yes},
 x-language = {EN},
 url = {http://publis.icube.unistra.fr/2-BRLG11}
}

@Article{2-RRBG11,
 author = {\underline{Rubbert}, L. and Renaud, P. and \underline{Bachta}, W. and \textbf{Gangloff}, J.},
 title = {Compliant mechanisms for an active cardiac stabilizer: lessons and new requirements in the design of a novel surgical tool},
 journal = {Mechanical Sciences (MS)},
 number = {1},
 volume = {2},
 pages = {119--127},
 year = {2011},
 doi = {10.5194/ms-2-119-2011},
 x-international-audience = {Yes},
 x-language = {EN},
 url = {http://publis.icube.unistra.fr/2-RRBG11}
}

@Inproceedings{4-NKG11,
 author = {\underline{Nadeau}, C. and \underline{Krupa}, A. and \textbf{Gangloff}, J.},
 title = {Automatic Tracking of an Organ Section with an Ultrasound Probe: Compensation of Respiratory Motion},
 booktitle  = {Medical Image Computing and Computer Assisted Intervention (MICCAI 2011)},
 month = Sep,
 year = {2011},
 publisher = {Springer},
 x-international-audience = {Yes},
 x-language = {EN},
 url = {http://publis.icube.unistra.fr/4-NKG11}
}

@Inproceedings{4-GPLD11,
 author = {\underline{Gagne}, J. and Piccin, O. and Laroche, E. and Diana, M. and \textbf{Gangloff}, J.},
 title = {GyroLock – First In Vivo Experiments of Active Heart Stabilization Using Control Moment Gyro (CMG)},
 booktitle  = {IEEE International Conference on Robotics and Automation (ICRA 2011)},
 month = May,
 year = {2011},
 x-international-audience = {Yes},
 x-language = {EN},
 url = {http://publis.icube.unistra.fr/4-GPLD11}
}

@Inproceedings{4-JBG11,
 author = {\underline{Joinie-Maurin}, M. and Bayle, B. and \textbf{Gangloff}, J.},
 title = {Force feedback teleoperation with periodical disturbance compensation},
 booktitle  = {IEEE International Conference on Robotics and Automation (ICRA 2011)},
 month = May,
 year = {2011},
 x-international-audience = {Yes},
 x-language = {EN},
 url = {http://publis.icube.unistra.fr/4-JBG11}
}

@Inproceedings{5-GPLG11,
 author = {\underline{Gagne}, J. and Piccin, O. and Laroche, E. and \textbf{Gangloff}, J.},
 title = {Exploitation de l’effet gyroscopique pour la stabilisation active de l\'\'epicarde},
 booktitle  = {Congr\`es Français de M\'ecanique (CFM 2011)},
 month = Aug,
 year = {2011},
 x-international-audience = {No},
 x-language = {FR},
 url = {http://publis.icube.unistra.fr/5-GPLG11}
}

@Inproceedings{5-NLCG11,
 author = {\underline{Nguyen}, T-T. and Laroche, E. and Cuvillon, L. and \textbf{Gangloff}, J. and Piccin, O.},
 title = {Identification ph\'enom\'enologique d'un robot \`a c\^ables},
 booktitle  = {Journ\'ees Identification et Mod\'elisation Exp\'erimentale},
 month = Apr,
 year = {2011},
 x-international-audience = {No},
 x-language = {FR},
 url = {http://publis.icube.unistra.fr/5-NLCG11}
}

@Inproceedings{5-GPLD11,
 author = {\underline{Gagne}, J. and Piccin, O. and Laroche, E. and Diana, M. and \textbf{Gangloff}, J.},
 title = {Exploitation de l’effet gyroscopique pour la compensation des mouvements cardiaques},
 booktitle  = {Recherche en Imagerie et Technologies pour la Sant\'e (RITS 2011)},
 month = Apr,
 year = {2011},
 x-international-audience = {No},
 x-language = {FR},
 url = {http://publis.icube.unistra.fr/5-GPLD11}
}

@Inbook{1-BRHG10,
 author = {\underline{Bachta}, W. and Renaud, P. and Hashimoto, K. and \textbf{Gangloff}, J.},
 title = {Visual servoing for beating heart surgery, chapter 6},
 booktitle  = {Visual Servoing via Advanced Numerical Methods},
 series = {Lecture Notes in Control and Information Sciences},
 volume = {401},
 pages = {91--114},
 month = Apr,
 year = {2010},
 editor = {G. Chesi, K. Hashimoto},
 publisher = {Springer},
 ISBN = {978-1-84996-089-2},
 doi = {10.1007/978-1-84996-089-2_6},
 x-international-audience = {},
 x-language = {FR},
 url = {http://publis.icube.unistra.fr/1-BRHG10}
}

@Inproceedings{4-JRBP10,
 author = {\underline{Joinie-Maurin}, M. and Rump, R. and \underline{Barb\'e}, L. and Piccin, O. and \textbf{Gangloff}, J. and Bayle, B.},
 title = {Design of a linear haptic display based on approximate straight line mechanisms},
 booktitle  = {Intelligent Robots and Systems (IROS)},
 pages = {5048--5053},
 month = Oct,
 year = {2010},
 organization = {IEEE},
 x-international-audience = {Yes},
 x-language = {EN},
 url = {http://publis.icube.unistra.fr/4-JRBP10}
}

@Inproceedings{4-GLPG10,
 author = {\underline{Gagne}, J. and Laroche, E. and Piccin, O. and \textbf{Gangloff}, J.},
 title = {Active heart stabilization using adaptive noise cancelling techniques with gyroscopic actuation},
 booktitle  = {3rd IEEE/RAS-EMBS International Conference on Biomedical Robotics and Biomechatronics (BioRob 2010)},
 pages = {802--807},
 month = Sep,
 year = {2010},
 organization = {IEEE},
 note = {Best conference paper award},
 x-international-audience = {Yes},
 x-language = {EN},
 url = {http://publis.icube.unistra.fr/4-GLPG10}
}

@Inproceedings{4-GPLG10,
 author = {\underline{Gagne}, J. and Piccin, O. and Laroche, E. and \textbf{Gangloff}, J.},
 title = {A heart stabilization device exploiting gyroscopic actuation: design and control},
 booktitle  = {ASME International Design Engineering Technical Conferences (IDETC 2010)},
 month = Aug,
 year = {2010},
 x-international-audience = {Yes},
 x-language = {EN},
 url = {http://publis.icube.unistra.fr/4-GPLG10}
}

@Inproceedings{7-GPLG10,
 author = {\underline{Gagne}, J. and Piccin, O. and Laroche, E. and \textbf{Gangloff}, J.},
 title = {GyroLock : stabilisation active du myocarde par effet gyroscopique},
 booktitle  = {Groupe de travail Robotique M\'edicale, GDR Robotique, UPMC, Paris},
 month = Jun,
 year = {2010},
 x-international-audience = {No},
 x-language = {FR},
 url = {http://publis.icube.unistra.fr/7-GPLG10}
}

@Inproceedings{7-GLPG10,
 author = {\underline{Gagne}, J. and Laroche, E. and Piccin, O. and \textbf{Gangloff}, J.},
 title = {Commande d'un stabilisateur cardiaque actionn\'e par effet gyroscopique},
 booktitle  = {Groupe de travail Mod\'elisation et Outils pour la Synth\`ese et l'Analyse en Robustesse (MOSAR), GDR MACS, LIRMM, Montpellier},
 month = Jan,
 year = {2010},
 x-international-audience = {No},
 x-language = {FR},
 url = {http://publis.icube.unistra.fr/7-GLPG10}
}

@Article{2-BRCL09,
 author = {\underline{Bachta}, W. and Renaud, P. and Cuvillon, L. and Laroche, E. and Forgione, A. and \textbf{Gangloff}, J.},
 title = {Motion prediction for computer-assisted beating heart surgery},
 journal = {IEEE Transactions on Biomedical Engineering},
 number = {11},
 volume = {56},
 pages = {2551-2563},
 year = {2009},
 publisher = {IEEE},
 doi = {10.1109/TBME.2009.2026054},
 x-international-audience = {Yes},
 x-language = {EN},
 url = {http://publis.icube.unistra.fr/2-BRCL09}
}

@Inproceedings{4-GPLG09,
 author = {\underline{Gagne}, J. and Piccin, O. and Laroche, E. and \textbf{Gangloff}, J.},
 title = {A cardiac motion compensation device based on gyroscopic effect},
 booktitle  = {9th International IFAC Symposium on Robot Control (SYROCO'09)},
 pages = {639--644},
 month = Sep,
 year = {2009},
 address = {Gifu, Japon},
 keywords = {surgical robotics, beating heart surgery, gyroscopic effect, LQR synthesis},
 x-international-audience = {Yes},
 x-language = {EN},
 url = {http://publis.icube.unistra.fr/4-GPLG09}
}

@Inproceedings{4-GLPG09,
 author = {\underline{Gagne}, J. and Laroche, E. and Piccin, O. and \textbf{Gangloff}, J.},
 title = {An active cardiac stabilizer based on gyroscopic effect},
 booktitle  = {IEEE Engineering in Medicine and Biology Conference (EMBC 2009)},
 pages = {6769--6772},
 month = Sep,
 year = {2009},
 address = {Minneapolis, MN, USA},
 ISSN = {1557-170X},
 doi = {10.1109/IEMBS.2009.5332512  },
 x-international-audience = {Yes},
 x-language = {EN},
 url = {http://publis.icube.unistra.fr/4-GLPG09}
}

@Inproceedings{4-JBBG09,
 author = {\underline{Joinie-Maurin}, M. and Bayle, B. and \underline{Barb\'e}, L. and \textbf{Gangloff}, J.},
 title = {Force feedback teleoperation with physiological motion compensation},
 booktitle  = {9th International IFAC Symposium on Robot Control (SYROCO'09)},
 month = Sep,
 year = {2009},
 keywords = {Teleoperation, Motion Compensation, Predictive Control},
 x-international-audience = {Yes},
 x-language = {EN},
 url = {http://publis.icube.unistra.fr/4-JBBG09}
}

@Inproceedings{4-BRLG09,
 author = {\underline{Bachta}, W. and Renaud, P. and Laroche, E. and \textbf{Gangloff}, J.},
 title = {Cardiolock 2 : parallel singularities for the design of an active heart stabilizer},
 booktitle  = {IEEE International Conference on Robotics and Automation (ICRA09)},
 pages = {3839--3844},
 month = May,
 year = {2009},
 address = {Kobe, Japon},
 x-international-audience = {Yes},
 x-language = {EN},
 url = {http://publis.icube.unistra.fr/4-BRLG09}
}

@Inproceedings{7-JBBG09,
 author = {\underline{Joinie-Maurin}, M. and Bayle, B. and \underline{Barb\'e}, L. and \textbf{Gangloff}, J.},
 title = {T\'el\'echirurgie robotis\'ee au conatct d'organes mobiles},
 booktitle  = {Journ\'ees Nationales de la Recherche en Robotique (JNRR09)},
 month = Nov,
 year = {2009},
 x-international-audience = {No},
 x-language = {FR},
 url = {http://publis.icube.unistra.fr/7-JBBG09}
}

@Inproceedings{7-BLRG09,
 author = {\underline{Bachta}, W. and Laroche, E. and Renaud, P. and \textbf{Gangloff}, J.},
 title = {Commande H-infini pr\'edictive pour l’asservissement par vision d’un stabilisateur cardiaque actif},
 booktitle  = {Groupe de travail Mod\'elisation et Outils pour la Synth\`ese et l'Analyse en Robustesse (MOSAR), GDR MACS, Besançon},
 month = Jan,
 year = {2009},
 x-international-audience = {No},
 x-language = {FR},
 url = {http://publis.icube.unistra.fr/7-BLRG09}
}

@Article{2-BRLF08,
 author = {\underline{Bachta}, W. and Renaud, P. and Laroche, E. and Forgione, A. and \textbf{Gangloff}, J.},
 title = {Cardiolock: an active cardiac stabilizer, first in vivo experiments using a new robotized device},
 journal = {Computer Aided Surgery},
 volume = {13},
 pages = {243-254},
 year = {2008},
 doi = {10.3109/10929080802413129},
 x-international-audience = {Yes},
 x-language = {EN},
 url = {http://publis.icube.unistra.fr/2-BRLF08}
}

@Article{2-MBPG08,
 author = {\underline{Maurin}, B. and Bayle, B. and Piccin, O. and \textbf{Gangloff}, J. and de Mathelin, M. and Doignon, C. and Zanne, P. and Gangi, A.},
 title = {A Patient-Mounted Robotic Platform for CT-scan Guided Procedures},
 journal = {IEEE Transactions on Biomedical Engineering},
 number = {10},
 volume = {55},
 pages = {2417--2425},
 year = {2008},
 x-international-audience = {Yes},
 x-language = {EN},
 url = {http://publis.icube.unistra.fr/2-MBPG08}
}

@Inproceedings{4-ABGG08,
 author = {\underline{Ayadi}, A. and Bayle, B. and Graebling, P. and \textbf{Gangloff}, J.},
 title = {An image guided-robot for needle-insertion in small animal. Accurate needle positioning using visual servoing},
 booktitle  = {IEEE/RSJ International Conference on Intelligent Robots and Systems (IROS 2008)},
 month = Sep,
 year = {2008},
 x-international-audience = {Yes},
 x-language = {EN},
 url = {http://publis.icube.unistra.fr/4-ABGG08}
}

@Inproceedings{4-BLRG08,
 author = {\underline{Bachta}, W. and Laroche, E. and Renaud, P. and \textbf{Gangloff}, J.},
 title = {Active Cardiac Stabilization using $H_\infty$ Control Methodology},
 booktitle  = {17th IFAC World Congress, IFAC'08},
 pages = {11642--11647},
 month = Jul,
 year = {2008},
 address = {seoul, south korea},
 x-international-audience = {Yes},
 x-language = {EN},
 url = {http://publis.icube.unistra.fr/4-BLRG08}
}

@Inproceedings{4-OZND08,
 author = {\underline{Ott}, L. and Zanne, P. and Nageotte, F. and de Mathelin, M. and \textbf{Gangloff}, J.},
 title = {Physiological Motion Rejection in Flexible Endoscopy using Visual Servoing},
 booktitle  = {IEEE International Conference on Robotics and Automation (ICRA08)},
 month = May,
 year = {2008},
 organization = {IEEE},
 address = {Pasadena, CA},
 x-international-audience = {Yes},
 x-language = {EN},
 url = {http://publis.icube.unistra.fr/4-OZND08}
}

@Inproceedings{5-BLRG08,
 author = {\underline{Bachta}, W. and Laroche, E. and Renaud, P. and \textbf{Gangloff}, J.},
 title = {Asservissement d'un stabilisateur cardiaque actif},
 booktitle  = {Conf\'erence Internationale Francophone d'Automatique (CIFA'08) },
 month = Sep,
 year = {2008},
 x-international-audience = {No},
 x-language = {FR},
 url = {http://publis.icube.unistra.fr/5-BLRG08}
}

@Inbook{1-GP07,
 author = {\textbf{Gangloff}, J. and Poignet, P.},
 title = {Int\'egration robot-capteur},
 booktitle  = {Techniques de l'ing\'enieur},
 series = {S 7 780},
 pages = {1--14},
 month = Jun,
 year = {2007},
 publisher = {Techniques de l'ing\'enieur},
 x-international-audience = {},
 x-language = {FR},
 url = {http://publis.icube.unistra.fr/1-GP07}
}

@Inproceedings{4-ANBG07,
 author = {\underline{Ayadi}, A. and Nicolau, S. and Bayle, B. and Graebling, P. and \textbf{Gangloff}, J.},
 title = {Fully Automatic Needle Calibration for Robotic-Assisted  Puncture on Small Animals},
 booktitle  = {The third IEEE-NIH LIfe Science Systems and Applications Workshop (LISSA 2007) },
 month = Nov,
 year = {2007},
 x-international-audience = {Yes},
 x-language = {EN},
 url = {http://publis.icube.unistra.fr/4-ANBG07}
}

@Inproceedings{4-BRLG07,
 author = {\underline{Bachta}, W. and Renaud, P. and Laroche, E. and \textbf{Gangloff}, J. and Forgione, A.},
 title = {Cardiolock: an active cardiac stabilizer, first in vivo experiments using a new robotized device},
 booktitle  = {International Conference on Medical Image Computing and Computer-Assisted Intervention (MICCAI'07)},
 volume = {1},
 pages = {78--85},
 month = Oct,
 year = {2007},
 address = {Brisbane, Australie},
 note = {MICCAI Young Scientist Award in Computer Assisted Intervention Systems and Robotics},
 x-international-audience = {Yes},
 x-language = {EN},
 url = {http://publis.icube.unistra.fr/4-BRLG07}
}

@Inproceedings{4-BRLF07,
 author = {\underline{Bachta}, W. and Renaud, P. and Laroche, E. and Forgione, A. and \textbf{Gangloff}, J.},
 title = {Design and control of a new active cardiac stabilizer},
 booktitle  = {IEEE/RSJ International Conference on Intelligent Robots and Systems (IROS 2007)},
 pages = {404--409},
 month = Oct,
 year = {2007},
 x-international-audience = {Yes},
 x-language = {EN},
 url = {http://publis.icube.unistra.fr/4-BRLF07}
}

@Inproceedings{4-ABAB07,
 author = {\underline{Ayadi}, A. and Bour, G. and Aprahamian, P. and Bayle, B. and Graebling, P. and \textbf{Gangloff}, J. and Soler, L. and Egly, J-M. and Marescaux, J.},
 title = {Fully Automated Image-Guided Needle Insertion: Application to small animal biopsies},
 booktitle  = {IEEE Engineering in Medecine and Biology Conference (EMBC'07)},
 month = Aug,
 year = {2007},
 address = {Lyon, France},
 x-international-audience = {Yes},
 x-language = {EN},
 url = {http://publis.icube.unistra.fr/4-ABAB07}
}

@Inproceedings{4-BBPG07,
 author = {\underline{Barb\'e}, L. and Bayle, B. and Piccin, O. and \textbf{Gangloff}, J. and de Mathelin, M.},
 title = {Design and evaluation of a linear haptic device},
 booktitle  = {IEEE International Conference on Robotics and Automation (ICRA07)},
 month = Apr,
 year = {2007},
 address = {Rome, Italie},
 x-international-audience = {Yes},
 x-language = {EN},
 url = {http://publis.icube.unistra.fr/4-BBPG07}
}

@Inproceedings{4-RCGV07,
 author = {\underline{Ranftl}, A. and Cuvillon, L. and \textbf{Gangloff}, J. and Vander Sloten, J.},
 title = {High Speed Visual Servoing with Ultrasonic Motors},
 booktitle  = {IEEE International Conference on Robotics and Automation (ICRA07)},
 month = Apr,
 year = {2007},
 address = {Roma},
 x-international-audience = {Yes},
 x-language = {EN},
 url = {http://publis.icube.unistra.fr/4-RCGV07}
}

@Inproceedings{5-ABGG07,
 author = {\underline{Ayadi}, A. and Bayle, B. and \textbf{Gangloff}, J. and Graebling, P.},
 title = {D\'eveloppement d'un syst\`eme d'insertion d'aiguille robotis\'ee : Application au petit animal},
 booktitle  = {Surgetica 2007 : Computer-Aided Medical Interventions},
 month = Sep,
 year = {2007},
 address = {Chamb\'ery, France},
 x-international-audience = {No},
 x-language = {FR},
 url = {http://publis.icube.unistra.fr/5-ABGG07}
}

@Inproceedings{5-ANBG07,
 author = {\underline{Ayadi}, A. and Nicolau, S. and Bayle, B. and \textbf{Gangloff}, J. and Graebling, P.},
 title = {Nouvelle m\'ethode de calibrage poignet-outil pour l’insertion d’aiguille robotis\'ee : Application au petit animal},
 booktitle  = {Onzi\`eme congr\`es francophone des jeunes chercheurs en vision par ordinateur (ORASIS'07)},
 month = Jun,
 year = {2007},
 address = {Obernai, France},
 x-international-audience = {No},
 x-language = {FR},
 url = {http://publis.icube.unistra.fr/5-ANBG07}
}

@Inproceedings{7-BRLG07,
 author = {\underline{Bachta}, W. and Renaud, P. and Laroche, E. and \textbf{Gangloff}, J.},
 title = {Nouvelle m\'ethode de calibrage robot-aiguille : Applications aux injections sur le petit animal},
 booktitle  = {Journ\'ees Nationales de la Recherche en Robotique (JNRR07)},
 month = Oct,
 year = {2007},
 x-international-audience = {No},
 x-language = {FR},
 url = {http://publis.icube.unistra.fr/7-BRLG07}
}

@Inproceedings{7-GGP07,
 author = {\underline{Gagne}, J. and \textbf{Gangloff}, J. and Piccin, O.},
 title = {Conception de dispositifs robotis\'es pour la chirurgie minimalement invasive transluminale},
 booktitle  = {Journ\'ees Nationales de la Recherche en Robotique (JNRR07)},
 month = Oct,
 year = {2007},
 x-international-audience = {No},
 x-language = {FR},
 url = {http://publis.icube.unistra.fr/7-GGP07}
}

@Inproceedings{7-ANBG07,
 author = {\underline{Ayadi}, A. and Nicolau, S. and Bayle, B. and \textbf{Gangloff}, J. and Graebling, P.},
 title = {Nouvelle m\'ethode de calibrage robot-aiguille : Applications aux injections sur le petit animal},
 booktitle  = {Journ\'ees Nationales de la Recherche en Robotique (JNRR07)},
 month = Oct,
 year = {2007},
 x-international-audience = {No},
 x-language = {FR},
 url = {http://publis.icube.unistra.fr/7-ANBG07}
}

@Techreport{10-OZDG07,
 author = {\underline{Ott}, L. and Zanne, P. and de Mathelin, M. and \textbf{Gangloff}, J.},
 title = {Dispositif d’endoscope flexible \`a asservissement visuel et proc\'ed\'e de stabilisation d’un tel dispositif},
 booktitle  = {Flexible endoscope device with visual control and method for stabilising such device},
 number = {USPROV 60/902,862},
 month = Feb,
 year = {2007},
 publisher = {U. Strasbourg et CNRS},
 note = {Phases nationales en cours d'examen (Europe, US)},
 type = {D\'ep\^ot de brevet provisionnel US},
 x-language = {FR},
 url = {http://publis.icube.unistra.fr/10-OZDG07}
}

@Techreport{10-BRLG07,
 author = {\underline{Bachta}, W. and Renaud, P. and Laroche, E. and \textbf{Gangloff}, J.},
 title = {Conception et commande d'un stabilisateur cardiaque actif},
 number = {60/880,378},
 month = Jan,
 year = {2007},
 note = {Abandonn\'e},
 type = {D\'ep\^ot de brevet provisionnel US},
 x-language = {FR},
 url = {http://publis.icube.unistra.fr/10-BRLG07}
}

@Article{2-MHIG06,
 author = {\underline{Miura}, K. and Hashimoto, K. and Inooka, H. and \textbf{Gangloff}, J. and de Mathelin, M.},
 title = {Model-less visual servoing using modified simplex optimization},
 journal = {Artificial Life and Robotics},
 number = {2},
 volume = {10},
 pages = {131--135},
 month = Nov,
 year = {2006},
 x-international-audience = {Yes},
 x-language = {EN},
 url = {http://publis.icube.unistra.fr/2-MHIG06}
}

@Article{2-RGD06,
 author = {Riviere, C. and \textbf{Gangloff}, J. and de Mathelin, M.},
 title = {Robotic compensation of biological motion to enhance surgical accuracy},
 journal = {Proceedings of the IEEE},
 number = {9},
 volume = {94},
 pages = {1705--1716},
 month = Sep,
 year = {2006},
 x-international-audience = {Yes},
 x-language = {EN},
 url = {http://publis.icube.unistra.fr/2-RGD06}
}

@Article{2-CGDF06,
 author = {\underline{Cuvillon}, L. and \textbf{Gangloff}, J. and de Mathelin, M. and Forgione, A.},
 title = {Towards robotized beating heart TECABG : assessment of the heart dynamics using high-speed vision},
 journal = {Computer Aided Surgery},
 number = {5},
 volume = {11},
 pages = {267 - 277},
 month = Sep,
 year = {2006},
 x-international-audience = {Yes},
 x-language = {EN},
 url = {http://publis.icube.unistra.fr/2-CGDF06}
}

@Article{2-GGDS06,
 author = {\textbf{Gangloff}, J. and \underline{Ginhoux}, R. and de Mathelin, M. and Soler, L. and Marescaux, J.},
 title = {Model predictive control for compensation of cyclic organ motions in teleoperated laparoscopic surgery},
 journal = {IEEE Transactions on Control Systems Technology},
 number = {2},
 volume = {14},
 pages = {235--246},
 month = Mar,
 year = {2006},
 x-international-audience = {Yes},
 x-language = {EN},
 url = {http://publis.icube.unistra.fr/2-GGDS06}
}

@Inproceedings{4-LCGD06,
 author = {Laroche, E. and \underline{Cuvillon}, L. and \textbf{Gangloff}, J. and de Mathelin, M.},
 title = {Accounting for flexibilities in visual servoing},
 booktitle  = {IFAC Symposium on Robust Control (ROCOND)},
 month = Jul,
 year = {2006},
 address = {Toulouse (France)},
 x-international-audience = {Yes},
 x-language = {FR},
 url = {http://publis.icube.unistra.fr/4-LCGD06}
}

@Inproceedings{4-MBGP06,
 author = {\underline{Maurin}, B. and Bayle, B. and \textbf{Gangloff}, J. and Piccin, O. and Zanne, P. and de Mathelin, M.},
 title = {A Robotized Positioning Platform Guided by Computed Tomography : Practical Issues and Evaluation},
 booktitle  = {IEEE International Conference on Robotics and Automation},
 month = May,
 year = {2006},
 address = {Orlando, United States},
 x-international-audience = {Yes},
 x-language = {FR},
 url = {http://publis.icube.unistra.fr/4-MBGP06}
}

@Inproceedings{4-CLGG06,
 author = {\underline{Cuvillon}, L. and Laroche, E. and Garnier, H. and \textbf{Gangloff}, J. and de Mathelin, M.},
 title = {Continuous-time model identification of robot flexibilities for fast visual servoing},
 booktitle  = {IFAC Symposium on System Identification (SYSID)},
 month = Mar,
 year = {2006},
 address = {Newcastle, Australie},
 x-international-audience = {Yes},
 x-language = {FR},
 url = {http://publis.icube.unistra.fr/4-CLGG06}
}

@Inproceedings{7-CLGD06,
 author = {\underline{Cuvillon}, L. and Laroche, E. and \textbf{Gangloff}, J. and de Mathelin, M.},
 title = {Asservissement Visuel de Structures Articul\'ees avec Flexibilit\'es},
 booktitle  = {Groupe de Recherche Mod\'elisation et Outils pour la Synth\`ese et l'Analyse en Robustesse (MOSAR)},
 month = Mar,
 year = {2006},
 x-international-audience = {No},
 x-language = {EN},
 url = {http://publis.icube.unistra.fr/7-CLGD06}
}

@Article{2-GGDS05,
 author = {\underline{Ginhoux}, R. and \textbf{Gangloff}, J. and de Mathelin, M. and Soler, L. and Sanchez, A.},
 title = {Active Filtering of Physiological Motion in Robotized Surgery Using Predictive Control},
 journal = {IEEE Transactions on Robotics},
 number = {1},
 volume = {21},
 pages = {67--79},
 month = Feb,
 year = {2005},
 note = {Best paper award 2005},
 x-international-audience = {Yes},
 x-language = {EN},
 url = {http://publis.icube.unistra.fr/2-GGDS05}
}

@Inproceedings{4-CGDF05,
 author = {\underline{Cuvillon}, L. and \textbf{Gangloff}, J. and de Mathelin, M. and Forgione, A.},
 title = {Toward Robotized Beating Heart TECABG: Assessment of the Heart Dynamics Using High-Speed Vision},
 booktitle  = {MICCAI 2005},
 month = Oct,
 year = {2005},
 address = {Palm Springs, USA},
 x-international-audience = {Yes},
 x-language = {FR},
 url = {http://publis.icube.unistra.fr/4-CGDF05}
}

@Inproceedings{4-CLGD05,
 author = {\underline{Cuvillon}, L. and Laroche, E. and \textbf{Gangloff}, J. and de Mathelin, M.},
 title = {GPC versus $H_\infty$  Control for Fast Visual Servoing of a Medical Manipulator including Flexibilities},
 booktitle  = {IEEE International Conference on Robotics and Automation},
 month = Apr,
 year = {2005},
 address = {Spain, Barcelona},
 x-international-audience = {Yes},
 x-language = {FR},
 url = {http://publis.icube.unistra.fr/4-CLGD05}
}

@Inproceedings{4-MHGD05,
 author = {\underline{Miura}, K. and Hashimoto, K. and \textbf{Gangloff}, J. and de Mathelin, M.},
 title = {Visual Servoing without Jacobian Using Modified Simplex Optimization},
 booktitle  = {IEEE International Conference on Robotics and Automation},
 month = Apr,
 year = {2005},
 address = {Spain, Barcelona},
 x-international-audience = {Yes},
 x-language = {FR},
 url = {http://publis.icube.unistra.fr/4-MHGD05}
}

@Inproceedings{4-MDGB05a,
 author = {\underline{Maurin}, B. and Doignon, C. and \textbf{Gangloff}, J. and Bayle, B. and de Mathelin, M. and Piccin, O.},
 title = {CT-Bot: A stereotactic-Guided Robotic Assistant for Percutaneous Procedures of the Abdomen},
 booktitle  = {SPIE Medical Imaging 2005},
 month = Feb,
 year = {2005},
 address = {San Diego, USA},
 x-international-audience = {Yes},
 x-language = {FR},
 url = {http://publis.icube.unistra.fr/4-MDGB05a}
}

@Inproceedings{5-MDGB05,
 author = {\underline{Maurin}, B. and Doignon, C. and \textbf{Gangloff}, J. and Bayle, B. and de Mathelin, M. and Piccin, O.},
 title = {Needle tip positioning on the abdomen with a novel stereotaxic robotic assistant},
 booktitle  = {Conference SURGETICA: Computer-Aided Medical Interventions: tools and applications},
 month = Jan,
 year = {2005},
 address = {Chamb\'ery, France},
 x-international-audience = {No},
 x-language = {EN},
 url = {http://publis.icube.unistra.fr/5-MDGB05}
}

@Misc{7-MG05,
 author = {Morel, G. and \textbf{Gangloff}, J.},
 title = {Commande r\'ef\'erenc\'ee capteur en robotique m\'edicale et chirurgicale},
 month = Oct,
 year = {2005},
 x-language = {FR},
 url = {http://publis.icube.unistra.fr/7-MG05}
}

@Misc{7-LCGD05,
 author = {Laroche, E. and \underline{Cuvillon}, L. and \textbf{Gangloff}, J. and de Mathelin, M.},
 title = {Asservissement visuel rapide pour la chirurgie cardiaque},
 booktitle  = {S},
 month = Feb,
 year = {2005},
 address = {France, Nancy},
 x-language = {FR},
 url = {http://publis.icube.unistra.fr/7-LCGD05}
}

@Techreport{10-DMBG05,
 author = {de Mathelin, M. and \underline{Maurin}, B. and Bayle, B. and \textbf{Gangloff}, J. and Piccin, O.},
 title = {Dispositif de maintien et de d\'eplacement contr\^ol\'e en translation d’un corps allong\'e},
 booktitle  = {Device for supporting an elongated body and for the controlled translational movement of same},
 number = {FR0502016},
 month = Feb,
 year = {2005},
 publisher = {U. Strasbourg, INSA Strasbourg, CNRS, Ircad},
 note = {Brevets français, europ\'een et US d\'elivr\'es},
 type = {D\'ep\^ot de brevet français},
 ISSN = {FR2882514},
 x-language = {FR},
 url = {http://publis.icube.unistra.fr/10-DMBG05}
}

@Inproceedings{4-MGBD04,
 author = {\underline{Maurin}, B. and \textbf{Gangloff}, J. and Bayle, B. and de Mathelin, M. and Piccin, O. and Zanne, P. and Doignon, C. and Soler, L.},
 title = {A Parallel Robotic System with Force Sensors for Percutaneous Procedures Under CT-Guidance},
 booktitle  = {Medical Image Computing and Computer-Assisted Intervention – MICCAI 2004},
 month = Oct,
 year = {2004},
 address = {France, Saint-Malo},
 x-international-audience = {Yes},
 x-language = {FR},
 url = {http://publis.icube.unistra.fr/4-MGBD04}
}

@Inproceedings{4-CGLG04,
 author = {\underline{Cuvillon}, L. and \textbf{Gangloff}, J. and Laroche, E. and \underline{Ginhoux}, R. and de Mathelin, M.},
 title = {Flexible Modes Identification of a Surgical Robot Using 500 Hz Imaging for High-speed Visual Servoing},
 booktitle  = {Mechatronics},
 month = Sep,
 year = {2004},
 address = {Germany, Aachen},
 x-international-audience = {Yes},
 x-language = {FR},
 url = {http://publis.icube.unistra.fr/4-CGLG04}
}

@Inproceedings{4-MPBG04a,
 author = {\underline{Maurin}, B. and Piccin, O. and Bayle, B. and \textbf{Gangloff}, J. and de Mathelin, M.},
 title = {A Parallel 5 DOF Positioner for Semi-Spherical Workspaces},
 booktitle  = {ASME Design Engineering Technical Conferences (DETC 04)},
 month = Sep,
 year = {2004},
 x-international-audience = {Yes},
 x-language = {FR},
 url = {http://publis.icube.unistra.fr/4-MPBG04a}
}

@Inproceedings{4-MPBG04,
 author = {\underline{Maurin}, B. and Piccin, O. and Bayle, B. and \textbf{Gangloff}, J. and de Mathelin, M. and Soler, L.},
 title = {A New Robotic System for CT-guided Percutaneous Procedures with Haptic Feedback},
 booktitle  = {Proceedings of the 2004 Computer Assisted Radiology and Surgery 18th International Congress},
 month = Jun,
 year = {2004},
 address = {USA, Chicago},
 x-international-audience = {Yes},
 x-language = {FR},
 url = {http://publis.icube.unistra.fr/4-MPBG04}
}

@Inproceedings{4-GGDS04,
 author = {\underline{Ginhoux}, R. and \textbf{Gangloff}, J. and de Mathelin, M. and Soler, L. and Sanchez, A.},
 title = {Beating Heart Tracking in Robotic Surgery Using 500 Hz Visual Servoing, Model Predictive Control and an adaptive Observer},
 booktitle  = {2004 IEEE International Conference on Robotics and Automation (ICRA'2004)},
 month = Apr,
 year = {2004},
 address = {United States, New Orleans},
 note = {Received the best vision paper award},
 x-international-audience = {Yes},
 x-language = {FR},
 url = {http://publis.icube.unistra.fr/4-GGDS04}
}

@Inproceedings{4-MBBZ04,
 author = {\underline{Maurin}, B. and \underline{Barb\'e}, L. and Bayle, B. and Zanne, P. and \textbf{Gangloff}, J. and de Mathelin, M. and Soler, L. and Forgione, A.},
 title = {In Vivo Study of Forces During Needle Insertions},
 booktitle  = {Proceedings of the Medical Robotics, Navigation and Visualisation Scientific Workshop 2004},
 month = Mar,
 year = {2004},
 address = {Germany, Remagen},
 x-international-audience = {Yes},
 x-language = {EN},
 url = {http://publis.icube.unistra.fr/4-MBBZ04}
}

@Inproceedings{4-GGDS04a,
 author = {\underline{Ginhoux}, R. and \textbf{Gangloff}, J. and de Mathelin, M. and Soler, L. and Sanchez, A.},
 title = {Beating Heart Tracking in Robotic Surgery Using 500 Hz Visual Servoing},
 booktitle  = {Medical Robotics, Navigation and Visualization},
 month = Mar,
 year = {2004},
 address = {Germany, Remagen},
 x-international-audience = {Yes},
 x-language = {FR},
 url = {http://publis.icube.unistra.fr/4-GGDS04a}
}

@HDR{9-Gang04,
 author = {\textbf{Gangloff}, J.},
 title = {Asservissements visuels et chirurgie robotis\'ee},
 school = {629},
 month = Dec,
 year = {2004},
 address = {Strasbourg},
 note = {Soutenue le 16/12/2004. Jury: E. Dombre, F. Chaumette, C. Barillot, B. Nelson, F. Heitz et M. de Mathelin},
 type = {Habilitation \`a Diriger des Recherches},
 x-language = {FR},
 url = {http://publis.icube.unistra.fr/9-Gang04}
}

@Techreport{10-DMBG04,
 author = {de Mathelin, M. and \underline{Maurin}, B. and Bayle, B. and \textbf{Gangloff}, J. and Piccin, O.},
 title = {Syst\`eme de robot m\'edical},
 number = {USPROV 60/612,503},
 month = Sep,
 year = {2004},
 publisher = {U. Strasbourg, INSA Strasbourg, CNRS, Ircad},
 note = {Brevet US d\'elivr\'e},
 type = {D\'ep\^ot de brevet provisionnel US},
 x-language = {FR},
 url = {http://publis.icube.unistra.fr/10-DMBG04}
}

@Article{2-GD03,
 author = {\textbf{Gangloff}, J. and de Mathelin, M.},
 title = {High speed visual servoing of a 6 DOF manipulator using multivariable predictive control},
 journal = {Advanced Robotics},
 month = Dec,
 year = {2003},
 note = {Special issue : advanced 3D vision and its application to robotics},
 x-international-audience = {Yes},
 x-language = {EN},
 url = {http://publis.icube.unistra.fr/2-GD03}
}

@Article{2-KGDD03,
 author = {\underline{Krupa}, A. and \textbf{Gangloff}, J. and Doignon, C. and de Mathelin, M. and Morel, G. and Leroy, M. and Soler, L.},
 title = {Autonomous 3-D positioning of surgical instruments in robotized laparoscopic surgery using visual servoing},
 journal = {IEEE Transactions on Robotics and Automation},
 month = Oct,
 year = {2003},
 x-international-audience = {Yes},
 x-language = {EN},
 url = {http://publis.icube.unistra.fr/2-KGDD03}
}

@Inproceedings{4-GGDS03c,
 author = {\underline{Ginhoux}, R. and \textbf{Gangloff}, J. and de Mathelin, M. and Soler, L. and Leroy, M.},
 title = {A 500 Hz Predictive Visual Servoing Scheme to Mechanically Filter Complex Repetitive Organ Motions in Robotized Surgery},
 booktitle  = {2003 IEEE/RSJ International Conference on Intelligent Robots and Systems (IROS'2003)},
 month = Oct,
 year = {2003},
 address = {United States, Las Vegas},
 x-international-audience = {Yes},
 x-language = {FR},
 url = {http://publis.icube.unistra.fr/4-GGDS03c}
}

@Inproceedings{4-GGDS03,
 author = {\underline{Ginhoux}, R. and \textbf{Gangloff}, J. and de Mathelin, M. and Soler, L. and Leroy, M.},
 title = {Model Predictive Control For Tracking of Repetitive Organ Motions During Teleoperated Laparoscopic Interventions},
 booktitle  = {European Control Conference (ECC'2003)},
 month = Sep,
 year = {2003},
 address = {United Kingdom, Cambridge},
 x-international-audience = {Yes},
 x-language = {FR},
 url = {http://publis.icube.unistra.fr/4-GGDS03}
}

@Inproceedings{4-GGDS03b,
 author = {\underline{Ginhoux}, R. and \textbf{Gangloff}, J. and de Mathelin, M. and Soler, L. and Leroy, M.},
 title = {Model Predictive Control to Cancel Repetitive Deformations of Organs in Robotized Laparoscopic Surgery},
 booktitle  = {7th International IFAC Symposium on Robot Control (Syroco 2003)},
 month = Sep,
 year = {2003},
 publisher = {Elsevier Science Editions},
 address = {Poland, Wroclaw},
 note = {Elsevier Science Editions},
 x-international-audience = {Yes},
 x-language = {FR},
 url = {http://publis.icube.unistra.fr/4-GGDS03b}
}

@Inproceedings{4-CLGD03,
 author = {\underline{Cuvillon}, L. and Laroche, E. and \textbf{Gangloff}, J. and de Mathelin, M.},
 title = {A gain scheduled control for visual servoing for a flexible arm},
 booktitle  = {IFAC Symposium on Robust Control Design ROCOND'03},
 month = Jun,
 year = {2003},
 address = {Italy, Milano},
 x-international-audience = {Yes},
 x-language = {FR},
 url = {http://publis.icube.unistra.fr/4-CLGD03}
}

@Inproceedings{4-GGDS03a,
 author = {\underline{Ginhoux}, R. and \textbf{Gangloff}, J. and de Mathelin, M. and Soler, L. and Leroy, M.},
 title = {Model Predictive Control for Cancellation of Repetitive Organ Motions in Robotized Laparoscopic Surgery},
 booktitle  = {International Symposium on Surgery Simulation and Soft Tissue Modeling (IS4TM)},
 series = {Lecture Notes in Computer Science LNCS 2673},
 pages = {353-365},
 month = Jun,
 year = {2003},
 publisher = {Springer-Verlag Heidelberg Editions.},
 address = {France, Sophia Antipolis},
 note = {Springer-Verlag Heidelberg Editions. Lecture Notes in Computer Science LNCS 2673},
 x-international-audience = {Yes},
 x-language = {FR},
 url = {http://publis.icube.unistra.fr/4-GGDS03a}
}

@Inproceedings{5-GGDS03,
 author = {\underline{Ginhoux}, R. and \textbf{Gangloff}, J. and de Mathelin, M. and Soler, L. and Leroy, M. and Marescaux, J.},
 title = {Application de la commande pr\'edictive \`a la compensation de mouvements d\'organes r\'ep\'etitifs en chirurgie laparoscopique robotis\'ee},
 booktitle  = {Journ\'ees Doctorales d'Automatique 2003},
 month = Jun,
 year = {2003},
 address = {France, Valenciennes},
 x-international-audience = {No},
 x-language = {FR},
 url = {http://publis.icube.unistra.fr/5-GGDS03}
}

@Inproceedings{5-CLGD03,
 author = {\underline{Cuvillon}, L. and Laroche, E. and \textbf{Gangloff}, J. and de Mathelin, M.},
 title = {Asservissement visuel d'un bras flexible avec correcteurs Hinfini et LPV},
 booktitle  = {Journ\'ees Doctorales d'Automatique JDA'03},
 month = Jun,
 year = {2003},
 address = {France, Valenciennes},
 x-international-audience = {No},
 x-language = {FR},
 url = {http://publis.icube.unistra.fr/5-CLGD03}
}

@Misc{7-GGDS03,
 author = {\underline{Ginhoux}, R. and \textbf{Gangloff}, J. and de Mathelin, M. and Soler, L. and Leroy, M. and Marescaux, J.},
 title = {Commande pr\'edictive et compensation de mouvements d\'organes r\'ep\'etitifs en chirurgie laparoscopique robotis\'ee},
 booktitle  = {17},
 month = Apr,
 year = {2003},
 address = {France, V\'elizy},
 x-language = {FR},
 url = {http://publis.icube.unistra.fr/7-GGDS03}
}

@Article{2-GD02,
 author = {\textbf{Gangloff}, J. and de Mathelin, M.},
 title = {Visual servoing of a 6 DOF manipulator for unknown 3D profile following},
 journal = {IEEE Transactions on Robotics and Automation},
 month = Aug,
 year = {2002},
 x-international-audience = {Yes},
 x-language = {EN},
 url = {http://publis.icube.unistra.fr/2-GD02}
}

@Inproceedings{4-MGD02,
 author = {\underline{Miura}, K. and \textbf{Gangloff}, J. and de Mathelin, M.},
 title = {Robust and Uncalibrated Visual Servoing without Jacobian using a Simplex Method},
 booktitle  = {International Conference on Intelligent Robots and Systems, IROS02},
 month = Oct,
 year = {2002},
 address = {Swiss, Lausanne},
 x-international-audience = {Yes},
 x-language = {FR},
 url = {http://publis.icube.unistra.fr/4-MGD02}
}

@Inproceedings{4-KDGD02a,
 author = {\underline{Krupa}, A. and Doignon, C. and \textbf{Gangloff}, J. and de Mathelin, M.},
 title = {Combined image-based and depth visual servoing applied to robotized laparoscopic surgery},
 booktitle  = {IEEE/RSJ International Conference on Intelligent Robots and Systems},
 month = Sep,
 year = {2002},
 address = {Switzerland, Lausanne},
 x-international-audience = {Yes},
 x-language = {FR},
 url = {http://publis.icube.unistra.fr/4-KDGD02a}
}

@Inproceedings{4-KDDG02,
 author = {\underline{Krupa}, A. and de Mathelin, M. and Doignon, C. and \textbf{Gangloff}, J. and Morel, G. and Soler, L. and Leroy, M. and Marescaux, J.},
 title = {Automatic 3-D positioning of surgical instruments during robotized laparoscopic surgery using automatic visual feedback},
 booktitle  = {Fifth International Conference on Medical Image Computing and Computer-Assisted Intervention (MICCAI)},
 month = Sep,
 year = {2002},
 address = {Japan, Tokyo},
 x-international-audience = {Yes},
 x-language = {FR},
 url = {http://publis.icube.unistra.fr/4-KDDG02}
}

@Inproceedings{4-GKGD02,
 author = {\underline{Ginhoux}, R. and \underline{Krupa}, A. and \textbf{Gangloff}, J. and de Mathelin, M. and Soler, L.},
 title = {Active Mechanical Filtering of Breathing-Induced Motion in Robotized Laparoscopy},
 booktitle  = {Surgetica'2002: Computer-Aided Medical Interventions: tools and applications},
 month = Sep,
 year = {2002},
 publisher = {Sauramps Medical Editions},
 address = {France, Grenoble},
 note = {Sauramps Medical Editions},
 x-international-audience = {Yes},
 x-language = {FR},
 url = {http://publis.icube.unistra.fr/4-GKGD02}
}

@Inproceedings{4-KDGD02b,
 author = {\underline{Krupa}, A. and Doignon, C. and \textbf{Gangloff}, J. and de Mathelin, M. and Morel, G. and Soler, L. and Leroy, M. and Ghodoussi, M.},
 title = {Towards semi-autonomy in laparoscopic surgery : first live experiments},
 booktitle  = {8 th International Symposium on Experimental Robotics (ISER)},
 month = Jul,
 year = {2002},
 address = {Italy, Sant'Angelo d'Ischia},
 x-international-audience = {Yes},
 x-language = {FR},
 url = {http://publis.icube.unistra.fr/4-KDGD02b}
}

@Inproceedings{4-KDGD02,
 author = {\underline{Krupa}, A. and de Mathelin, M. and \textbf{Gangloff}, J. and Doignon, C. and Morel, G.},
 title = {A vision system for automatic 3D positioning of surgical instruments for laparoscopic surgery with robot},
 booktitle  = {12th International Symposium on Measurement and Control in Robotics},
 month = Jun,
 year = {2002},
 address = {France, Bourges},
 x-international-audience = {Yes},
 x-language = {FR},
 url = {http://publis.icube.unistra.fr/4-KDGD02}
}

@Inproceedings{4-KGDD02,
 author = {\underline{Krupa}, A. and \textbf{Gangloff}, J. and de Mathelin, M. and Doignon, C. and Morel, G. and Soler, L. and Leroy, M. and Marescaux, J.},
 title = {Autonomous retrieval and positioning of surgical instruments in robotized laparoscopic surgery using visual servoing and laser pointers},
 booktitle  = {IEEE International Conference on Robotics and Automation},
 pages = {3769-3774},
 month = May,
 year = {2002},
 address = {U.S.A., Washington D.C.},
 x-international-audience = {Yes},
 x-language = {FR},
 url = {http://publis.icube.unistra.fr/4-KGDD02}
}

@Inproceedings{4-KDGD02c,
 author = {\underline{Krupa}, A. and Doignon, C. and \textbf{Gangloff}, J. and de Mathelin, M. and Morel, G.},
 title = {Autonomous retrieval and positioning of a surgical tool in robotized laparoscopic surgery using visual servoing},
 booktitle  = {IEEE International Conference on Robotics and Automation},
 month = May,
 year = {2002},
 address = {USA, Washington D.C.},
 note = {Video Proceedings},
 x-international-audience = {Yes},
 x-language = {FR},
 url = {http://publis.icube.unistra.fr/4-KDGD02c}
}

@Inproceedings{5-KDDG02,
 author = {\underline{Krupa}, A. and de Mathelin, M. and Doignon, C. and \textbf{Gangloff}, J. and Morel, G. and Soler, L. and Leroy, M. and Marescaux, J.},
 title = {Automatic positioning of surgical instruments during laparoscopic surgery with robots using automatic visual feedback},
 booktitle  = {Conference on Modelling and Simulation for Computer aided Medicine and Surgery (MS4CMS’02)},
 month = Nov,
 year = {2002},
 editor = {ESAIM-Proceedings},
 address = {France, Rocquencourt},
 x-international-audience = {No},
 x-language = {FR},
 url = {http://publis.icube.unistra.fr/5-KDDG02}
}

@Inproceedings{4-KDDG01,
 author = {\underline{Krupa}, A. and de Mathelin, M. and Doignon, C. and \textbf{Gangloff}, J. and Morel, G. and Soler, L. and Marescaux, J.},
 title = {Development of semi-autonomous control modes in laparoscopic surgery using visual servoing},
 booktitle  = {4th International Conference on Medical Image Computing and Computer-Assisted Intervention (MICCAI)},
 pages = {1306-1307},
 month = Oct,
 year = {2001},
 address = {Netherlands, Utrecht},
 x-international-audience = {Yes},
 x-language = {FR},
 url = {http://publis.icube.unistra.fr/4-KDDG01}
}

@Inproceedings{4-KDGD00,
 author = {\underline{Krupa}, A. and Doignon, C. and \textbf{Gangloff}, J. and de Mathelin, M. and Soler, L. and Morel, G.},
 title = {Towards semi-autonomy in laparoscopic surgery through vision and force feedback control},
 booktitle  = {7th International Symposium on Experimental Robotics (ISER)},
 month = Dec,
 year = {2000},
 address = {U.S.A., Hawaii},
 x-international-audience = {Yes},
 x-language = {FR},
 url = {http://publis.icube.unistra.fr/4-KDGD00}
}

@Inproceedings{4-GD00,
 author = {\textbf{Gangloff}, J. and de Mathelin, M.},
 title = {High speed visual servoing of a DOF manipulator using multivariable predictive control},
 booktitle  = {IEEE Int. Conference on Robotics and Automation},
 month = Apr,
 year = {2000},
 address = {U.S.A., San Francisco, Californie},
 x-international-audience = {Yes},
 x-language = {FR},
 url = {http://publis.icube.unistra.fr/4-GD00}
}

@Misc{7-KDGD00,
 author = {\underline{Krupa}, A. and Doignon, C. and \textbf{Gangloff}, J. and de Mathelin, M. and Morel, G. and Soler, L.},
 title = {R\'ealisation de t\^aches semi-autonomes avec un robot de chirugie laparoscopique par retour d'effort et asservissement visuel},
 booktitle  = {Journ},
 month = Dec,
 year = {2000},
 address = {France, Rennes},
 x-language = {FR},
 url = {http://publis.icube.unistra.fr/7-KDGD00}
}

@Techreport{7-CG00,
 author = {Couderc, D. and \textbf{Gangloff}, J.},
 title = {Am\'elioration de la fiabilit\'e du syst\`eme Lucane},
 institution = {ULP},
 month = Sep,
 year = {2000},
 note = {Rapport interm\'ediaire de contrat EDF no P29L39/EP962},
 x-language = {FR},
 url = {http://publis.icube.unistra.fr/7-CG00}
}

@Misc{7-Gang00,
 author = {\textbf{Gangloff}, J.},
 title = {Image handling in vision: high speed visual servoing improves robot tracking},
 month = Apr,
 year = {2000},
 note = {p.32-33},
 x-language = {FR},
 url = {http://publis.icube.unistra.fr/7-Gang00}
}

@Article{2-SDAG99,
 author = {Sage, H. and de Mathelin, M. and Abba, G. and \textbf{Gangloff}, J. and Ostertag, E.},
 title = {Synthesis of robust $H_\infty$ controllers for industrial robot manipulators using nonlinear optimization},
 journal = {Intelligent Automation \& Soft Computing},
 number = {4},
 pages = {279-288},
 year = {1999},
 x-international-audience = {Yes},
 x-language = {EN},
 url = {http://publis.icube.unistra.fr/2-SDAG99}
}

@Inproceedings{4-GDA99a,
 author = {\textbf{Gangloff}, J. and de Mathelin, M. and Abba, G.},
 title = {High performance 6 DOF visual servoing using generalized predictive control},
 booktitle  = {5th European Control Conference ECC'99},
 month = Aug,
 year = {1999},
 address = {Allemagne, Karlsruhe},
 note = {(communication invit\'ee), CD-ROM F1059-2.pdf},
 x-international-audience = {Yes},
 x-language = {FR},
 url = {http://publis.icube.unistra.fr/4-GDA99a}
}

@Inproceedings{4-GDA99,
 author = {\textbf{Gangloff}, J. and de Mathelin, M. and Abba, G.},
 title = {Visual servoing of a 6 DOF manipulator for unknown 3D profile following},
 booktitle  = { IEEE Int. Conference on Robotics and Automation},
 pages = {3236-3242},
 month = May,
 year = {1999},
 address = {U.S.A., Detroit, Michigan},
 x-international-audience = {Yes},
 x-language = {FR},
 url = {http://publis.icube.unistra.fr/4-GDA99}
}

@Techreport{7-MG99,
 author = {Morel, G. and \textbf{Gangloff}, J.},
 title = {Analyse de la proc\'edure d'identification utilis\'ee pour le rep\'erage de tubes en bol GV \`a l'aide de Lucane},
 institution = {ULP},
 month = Nov,
 year = {1999},
 note = {Rapport interm\'ediaire de contrat EDF no P29L39/ EP962},
 x-language = {FR},
 url = {http://publis.icube.unistra.fr/7-MG99}
}

@Misc{7-GDA99,
 author = {\textbf{Gangloff}, J. and de Mathelin, M. and Abba, G.},
 title = {Asservissement visuel rapide d'un robot manipulateur \`a 6 degr\'es de libert\'e},
 booktitle  = {Journ},
 month = Mar,
 year = {1999},
 address = {France, Toulouse},
 x-language = {FR},
 url = {http://publis.icube.unistra.fr/7-GDA99}
}

@Misc{7-GDA99a,
 author = {\textbf{Gangloff}, J. and de Mathelin, M. and Abba, G.},
 title = {Application de la commande pr\'edictive \`a l'asservissement visuel rapide \`a 6 degr\'es de libert\'e d'un robot manipulateur},
 booktitle  = {Groupe de travail sur la commande robuste des syst},
 month = Mar,
 year = {1999},
 address = {France, Strasbourg},
 note = {Groupe de travail sur la commande robuste des syst\`emes multivariables, GDR automatique},
 x-language = {FR},
 url = {http://publis.icube.unistra.fr/7-GDA99a}
}

@Phdthesis{8-Gang99,
 author = {\textbf{Gangloff}, J.},
 title = {Asservissements visuels rapides d'un robot manipulateur \`a 6 d\'egr\'es de libert\'e.},
 school = {629},
 month = Jan,
 year = {1999},
 address = {Strasbourg},
 note = {Jury : MM. G. Abba (directeur), G. Hirzinger et P.-L.. Wendel (rapp. interne)},
 x-language = {FR},
 url = {http://publis.icube.unistra.fr/8-Gang99}
}

@software{soft_rpit,
  author = {\textbf{Gangloff}, J},
  title = {RPIt -- Simulink Toolbox for Real-Time HIL Robotics Applications},
  note = {Dépôt GitHub : \url{https://github.com/jacqu/rpit}},
  version = {6.1},
  date = {2024-11-12},
}

@software{soft_betalink,
  author = {\textbf{Gangloff}, J},
  title = {betalink -- Rotor Velocity Control for Betaflight Flight Controllers},
  note = {Dépôt GitHub : \url{https://github.com/jacqu/betalink}, Tutoriel : \url{https://youtu.be/BTN4LSLOXPI}},
  version = {4.3},
  date = {2024-12-19},
}

@software{soft_teensyshot,
  author = {\textbf{Gangloff}, J and \underline{Yigit}, A.},
  title = {teensyshot -- Rotor Velocity Control for KISS Flight Controllers},
  note = {Dépôt GitHub : \url{https://github.com/jacqu/teensyshot}},
  version = {1.0},
  date = {2020-07-07},
}

@software{soft_luaq,
  author = {\textbf{Gangloff}, J},
  title = {LuaQ -- Quizz Application for TI-Nspire Calculators},
  note = {Dépôt GitHub : \url{https://github.com/jacqu/LuaQ}, Demonstration : \url{https://youtu.be/S9-Bd0KnUwM}},
  version = {1.02},
  date = {2018-12-06},
}