@Book{1-Gang17,
 author = {Gangloff, J.},
 title = {La robotique par la pratique},
 pages = {146},
 month = {Sep},
 year = {2017},
 publisher = {CreateSpace Independent Publishing Platform},
 edition = {1},
 note = {https://amzn.eu/d/3z2sQuW},
 keywords = {Robotique; Enseignement; Education; Master},
 ISBN = {1976171776},
 x-international-audience = {},
 x-language = {FR},
 url = {http://publis.icube.unistra.fr/1-Gang17}
}

@Inbook{1-GBRP14,
 author = {Gagne, J. and Bachta, W. and Renaud, P. and Piccin, O. and Laroche, E. and Gangloff, J.},
 title = {Beating Heart Surgery: Active Compensation for Minimally Invasive Coronary Artery Bypass Grafting},
 booktitle  = {Computational Surgery and Dual Training},
 pages = {203--210},
 year = {2014},
 editor = {M. Garbey},
 publisher = {Springer},
 x-international-audience = {},
 x-language = {EN},
 url = {http://publis.icube.unistra.fr/1-GBRP14}
}

@Inbook{1-BJBG14,
 author = {Bayle, B. and Joinie-Maurin, M. and Barb\'e, L. and Gangloff, J. and de Mathelin, M.},
 title = {Robot interaction control in medicine and surgery. Open problems and recent results.},
 booktitle  = {Computational Surgery and Dual Training},
 pages = {169--191},
 year = {2014},
 editor = {M. Garbey},
 publisher = {Springer},
 x-international-audience = {},
 x-language = {EN},
 url = {http://publis.icube.unistra.fr/1-BJBG14}
}

@Inbook{1-GNP13,
 author = {Gangloff, J. and Nageotte, F. and Poignet, P.},
 title = {Vision-based control, chapter 6},
 booktitle  = {Medical Robotics},
 pages = {1--57},
 year = {2013},
 editor = {Troccaz, J.},
 publisher = {John Wiley & Sons},
 ISBN = {978-1-84821-334-0},
 x-international-audience = {},
 x-language = {EN},
 url = {http://publis.icube.unistra.fr/1-GNP13}
}

@Inbook{1-GNP12,
 author = {Gangloff, J. and Nageotte, F. and Poignet, P.},
 title = {Commande par vision, chapter 6},
 booktitle  = {Robotique m\'edicale},
 series = {Trait\'e IC2},
 pages = {209--268},
 year = {2012},
 editor = {J. Troccaz},
 publisher = {Hermes - Lavoisier},
 x-international-audience = {},
 x-language = {FR},
 url = {http://publis.icube.unistra.fr/1-GNP12}
}

@Inbook{1-BRHG10,
 author = {Bachta, W. and Renaud, P. and Hashimoto, K. and Gangloff, J.},
 title = {Visual servoing for beating heart surgery, chapter 6},
 booktitle  = {Visual Servoing via Advanced Numerical Methods},
 series = {Lecture Notes in Control and Information Sciences},
 volume = {401},
 pages = {91--114},
 month = {Apr},
 year = {2010},
 editor = {G. Chesi, K. Hashimoto},
 publisher = {Springer},
 ISBN = {978-1-84996-089-2},
 doi = {10.1007/978-1-84996-089-2_6},
 x-international-audience = {},
 x-language = {FR},
 url = {http://publis.icube.unistra.fr/1-BRHG10}
}

@Inbook{1-GP07,
 author = {Gangloff, J. and Poignet, P.},
 title = {Int\'egration robot-capteur},
 booktitle  = {Techniques de l'ing\'enieur},
 series = {S 7 780},
 pages = {1--14},
 month = {Jun},
 year = {2007},
 publisher = {Techniques de l'ing\'enieur},
 x-international-audience = {},
 x-language = {FR},
 url = {http://publis.icube.unistra.fr/1-GP07}
}

