@Inproceedings{4-LMKN24,
 author = {Landes, T. and Macher, H. and Kastendeuch, P. and Najjar, G. and Nerry, F. and Gangloff, J. and Cuvillon, L. and Durand, S. and Lallemant, A. and Bonal, D. and Breda, N. and Saudreau, M. and Am\'eglio, T. and Serre, C. and Bastianelli, C. and Slisse, P. and Lecomte, V. and Colot, P. and Laille, P.},
 title = {Modeling of street trees for urban micro-climatology in Strasbourg – The TIR4STREET project},
 booktitle  = {Colloque de l'Association Internationale de Climatologie},
 pages = {2},
 month = {Jun},
 year = {2024},
 x-international-audience = {Yes},
 x-language = {EN},
 url = {http://publis.icube.unistra.fr/4-LMKN24}
}

@Inproceedings{4-ADYC22,
 author = {Arpa Perozo, M. and Dussine, J. and Yigit, A. and Cuvillon, L. and Durand, S. and Gangloff, J.},
 title = {Optimal Design and Control of an Aerial Manipulator with Elastic Suspension Using Unidirectional Thrusters},
 booktitle  = {IEEE International Conference on Robotics and Automation (ICRA)},
 month = {Jan},
 year = {2022},
 x-international-audience = {Yes},
 x-language = {EN},
 url = {http://publis.icube.unistra.fr/4-ADYC22}
}

@Inproceedings{4-YAOC21,
 author = {Yigit, A. and Arpa Perozo, M. and Ouafo Fonkoua, M. and Cuvillon, L. and Durand, S. and Gangloff, J.},
 title = {Aerial Manipulator Suspended from a Cable-Driven Parallel Robot: Preliminary Experimental Results},
 booktitle  = {IEEE/RSJ International Conference on Intelligent Robots and Systems},
 month = {Oct},
 year = {2021},
 organization = {IEE},
 x-international-audience = {Yes},
 x-language = {EN},
 url = {http://publis.icube.unistra.fr/4-YAOC21}
}

@Inproceedings{4-YACD21,
 author = {Yigit, A. and Arpa Perozo, M. and Cuvillon, L. and Durand, S. and Gangloff, J.},
 title = {Novel Omnidirectional Aerial Manipulator with Elastic Suspension: Dynamic Control and Experimental Performance Assessment},
 booktitle  = {International Conference on Robotics and Automation (ICRA 2021)},
 month = {Jan},
 year = {2021},
 organization = {IEE},
 x-international-audience = {Yes},
 x-language = {EN},
 url = {http://publis.icube.unistra.fr/4-YACD21}
}

@Inproceedings{4-YACD21a,
 author = {Yigit, A. and Arpa Perozo, M. and Cuvillon, L. and Durand, S. and Gangloff, J.},
 title = {Improving Dynamics of an Aerial Manipulator with Elastic Suspension Using Nonlinear Model Predictive Control},
 booktitle  = {2021 IEEE International Conference on Robotics and Automation (ICRA)},
 month = {Jan},
 year = {2021},
 organization = {IEE},
 x-international-audience = {Yes},
 x-language = {EN},
 url = {http://publis.icube.unistra.fr/4-YACD21a}
}

@Inproceedings{4-KCBY20,
 author = {Khayour, I. and Cuvillon, L. and Butin, C. and Yigit, A. and Durand, S. and Gangloff, J.},
 title = {Improving Disturbance Rejection and Dynamics of Cable Driven Parallel Robots with On-board Propellers},
 booktitle  = {IEEE/RSJ International Conference on Intelligent Robots and Systems (IROS)},
 month = {Oct},
 year = {2020},
 x-international-audience = {Yes},
 x-language = {EN},
 url = {http://publis.icube.unistra.fr/4-KCBY20}
}

@Inproceedings{4-YGCD20,
 author = {Yigit, A. and Grappe, G. and Cuvillon, L. and Durand, S. and Gangloff, J.},
 title = {Preliminary Study of an Aerial Manipulator with Elastic Suspension},
 booktitle  = {2020 International Conference on Robotics and Automation (ICRA)},
 month = {Jan},
 year = {2020},
 x-international-audience = {Yes},
 x-language = {EN},
 url = {http://publis.icube.unistra.fr/4-YGCD20}
}

@Inproceedings{4-KDCG20,
 author = {Khayour, I. and Durand, S. and Cuvillon, L. and Gangloff, J.},
 title = {Active Damping of Parallel Robots Driven by Elastic Cables using On-Off Actuators through Model Predictive Control Allocation},
 booktitle  = {21st IFAC World Congress},
 month = {Jan},
 year = {2020},
 x-international-audience = {Yes},
 x-language = {EN},
 url = {http://publis.icube.unistra.fr/4-KDCG20}
}

@Inproceedings{4-SKCD19,
 author = {Sellet, H. and Khayour, I. and Cuvillon, L. and Durand, S. and Gangloff, J.},
 title = {Active Damping of Parallel Robots Driven by Flexible Cables Using Cold-Gas Thrusters},
 booktitle  = {International Conference on Robotics and Automation},
 month = {Jan},
 year = {2019},
 doi = {10.1109/ICRA.2019.8794061},
 x-international-audience = {Yes},
 x-language = {EN},
 url = {http://publis.icube.unistra.fr/4-SKCD19}
}

@Inproceedings{4-LCGG18,
 author = {Lesellier, M. and Cuvillon, L. and Gangloff, J. and Gouttefarde, M.},
 title = {An Active Stabilizer for Cable-Driven Parallel Robot Vibration Damping},
 booktitle  = {IEEE/RSJ International Conference on Intelligent Robots and Systems},
 month = {Jan},
 year = {2018},
 x-international-audience = {Yes},
 x-language = {EN},
 url = {http://publis.icube.unistra.fr/4-LCGG18}
}

@Inproceedings{4-WCG15,
 author = {Weber, X. and Cuvillon, L. and Gangloff, J.},
 title = {Active vibration canceling of a cable-driven parallel robot in modal space},
 booktitle  = {International Conference on Robotics and Automation (ICRA)},
 month = {May},
 year = {2015},
 x-international-audience = {Yes},
 x-language = {EN},
 url = {http://publis.icube.unistra.fr/4-WCG15}
}

@Inproceedings{4-WCG14,
 author = {Weber, X. and Cuvillon, L. and Gangloff, J.},
 title = {Active vibration canceling of a cable-driven parallel robot using reaction wheels},
 booktitle  = {IEEE/RSJ International Conference on Intelligent Robots and Systems (IROS)},
 month = {Sep},
 year = {2014},
 organization = {IEE},
 x-international-audience = {Yes},
 x-language = {EN},
 url = {http://publis.icube.unistra.fr/4-WCG14}
}

@Inproceedings{5-CCLG13,
 author = {Chellal, R. and Cuvillon, L. and Laroche, E. and Gangloff, J.},
 title = {Asservissement visuel cin\'ematique d'un robot parall\`ele \`a c\^ables \`a 6 ddl},
 booktitle  = {JD MACS},
 month = {Jul},
 year = {2013},
 editor = {GDR MACS},
 x-international-audience = {No},
 x-language = {FR},
 url = {http://publis.icube.unistra.fr/5-CCLG13}
}

@Inproceedings{5-RRCG13,
 author = {Rubbert, L. and Renaud, P. and Caro, S. and Gangloff, J.},
 title = {Design of a compensation mechanism for an active cardiac stabilizer based on an assembly of planar compliant mechanisms},
 booktitle  = {21\`eme Congr\`es Fran\ccais de M\'ecanique},
 pages = {1--6},
 month = {Jan},
 year = {2013},
 x-international-audience = {No},
 x-language = {FR},
 url = {http://publis.icube.unistra.fr/5-RRCG13}
}

@Inproceedings{4-CLCG12,
 author = {Chellal, R. and Laroche, E. and Cuvillon, L. and Gangloff, J.},
 title = {An Identification Methodology for 6 DoF Cable-Driven Parallel Robots Parameters - Application to the INCA 6D Robot},
 booktitle  = {Conference on Cable-Driven Parallel Robots},
 month = {Sep},
 year = {2012},
 x-international-audience = {Yes},
 x-language = {EN},
 url = {http://publis.icube.unistra.fr/4-CLCG12}
}

@Inproceedings{4-LCCG12,
 author = {Laroche, E. and Chellal, R. and Cuvillon, L. and Gangloff, J.},
 title = {A Preliminary Study for H\( _{\infty} \) Control of Parallel Cable-Driven Manipulators},
 booktitle  = {First International Conference on Cable-Driven Parallel Robots},
 month = {Aug},
 year = {2012},
 publisher = {Springer},
 x-international-audience = {Yes},
 x-language = {EN},
 url = {http://publis.icube.unistra.fr/4-LCCG12}
}

@Inproceedings{4-RRG12a,
 author = {Rubbert, L. and Renaud, P. and Gangloff, J.},
 title = {A design method based on ant colony optimization for compliant mechanisms: introduction and application to a surgical tool},
 booktitle  = {IDETC2012},
 month = {Aug},
 year = {2012},
 editor = {ASME},
 doi = {10.1115/DETC2012-70383},
 x-international-audience = {Yes},
 x-language = {EN},
 url = {http://publis.icube.unistra.fr/4-RRG12a}
}

@Inproceedings{4-RRG12,
 author = {Rubbert, L. and Renaud, P. and Gangloff, J.},
 title = {Design and optimization for a cardiac active stabilizer based on planar parallel compliant mechanisms},
 booktitle  = {ESDA2012},
 month = {Jul},
 year = {2012},
 editor = {ASME},
 doi = {10.1115/ESDA2012-82278},
 x-international-audience = {Yes},
 x-language = {EN},
 url = {http://publis.icube.unistra.fr/4-RRG12}
}

@Inproceedings{4-RCRG12,
 author = {Rubbert, L. and Caro, S. and Renaud, P. and Gangloff, J.},
 title = {A Planar RRP Compliant Mechanism based on the Singularity Analysis of a 3-US Parallel Mechanism},
 booktitle  = {ARK2012},
 month = {Jun},
 year = {2012},
 doi = {10.1007/978-94-007-4620-6_48},
 x-international-audience = {Yes},
 x-language = {EN},
 url = {http://publis.icube.unistra.fr/4-RCRG12}
}

@Inproceedings{4-NKG11,
 author = {Nadeau, C. and Krupa, A. and Gangloff, J.},
 title = {Automatic Tracking of an Organ Section with an Ultrasound Probe: Compensation of Respiratory Motion},
 booktitle  = {Medical Image Computing and Computer Assisted Intervention (MICCAI 2011)},
 month = {Sep},
 year = {2011},
 publisher = {Springer},
 x-international-audience = {Yes},
 x-language = {EN},
 url = {http://publis.icube.unistra.fr/4-NKG11}
}

@Inproceedings{4-GPLD11,
 author = {Gagne, J. and Piccin, O. and Laroche, E. and Diana, M. and Gangloff, J.},
 title = {GyroLock – First In Vivo Experiments of Active Heart Stabilization Using Control Moment Gyro (CMG)},
 booktitle  = {IEEE International Conference on Robotics and Automation (ICRA 2011)},
 month = {May},
 year = {2011},
 x-international-audience = {Yes},
 x-language = {EN},
 url = {http://publis.icube.unistra.fr/4-GPLD11}
}

@Inproceedings{4-JBG11,
 author = {Joinie-Maurin, M. and Bayle, B. and Gangloff, J.},
 title = {Force feedback teleoperation with periodical disturbance compensation},
 booktitle  = {IEEE International Conference on Robotics and Automation (ICRA 2011)},
 month = {May},
 year = {2011},
 x-international-audience = {Yes},
 x-language = {EN},
 url = {http://publis.icube.unistra.fr/4-JBG11}
}

@Inproceedings{5-GPLG11,
 author = {Gagne, J. and Piccin, O. and Laroche, E. and Gangloff, J.},
 title = {Exploitation de l’effet gyroscopique pour la stabilisation active de l\'\'epicarde},
 booktitle  = {Congr\`es Fran\ccais de M\'ecanique (CFM 2011)},
 month = {Aug},
 year = {2011},
 x-international-audience = {No},
 x-language = {FR},
 url = {http://publis.icube.unistra.fr/5-GPLG11}
}

@Inproceedings{5-NLCG11,
 author = {Nguyen, T-T. and Laroche, E. and Cuvillon, L. and Gangloff, J. and Piccin, O.},
 title = {Identification ph\'enom\'enologique d'un robot \`a c\^ables},
 booktitle  = {Journ\'ees Identification et Mod\'elisation Exp\'erimentale},
 month = {Apr},
 year = {2011},
 x-international-audience = {No},
 x-language = {FR},
 url = {http://publis.icube.unistra.fr/5-NLCG11}
}

@Inproceedings{5-GPLD11,
 author = {Gagne, J. and Piccin, O. and Laroche, E. and Diana, M. and Gangloff, J.},
 title = {Exploitation de l’effet gyroscopique pour la compensation des mouvements cardiaques},
 booktitle  = {Recherche en Imagerie et Technologies pour la Sant\'e (RITS 2011)},
 month = {Apr},
 year = {2011},
 x-international-audience = {No},
 x-language = {FR},
 url = {http://publis.icube.unistra.fr/5-GPLD11}
}

@Inproceedings{4-JRBP10,
 author = {Joinie-Maurin, M. and Rump, R. and Barb\'e, L. and Piccin, O. and Gangloff, J. and Bayle, B.},
 title = {Design of a linear haptic display based on approximate straight line mechanisms},
 booktitle  = {Intelligent Robots and Systems (IROS)},
 pages = {5048--5053},
 month = {Oct},
 year = {2010},
 organization = {IEEE},
 x-international-audience = {Yes},
 x-language = {EN},
 url = {http://publis.icube.unistra.fr/4-JRBP10}
}

@Inproceedings{4-GLPG10,
 author = {Gagne, J. and Laroche, E. and Piccin, O. and Gangloff, J.},
 title = {Active heart stabilization using adaptive noise cancelling techniques with gyroscopic actuation},
 booktitle  = {3rd IEEE/RAS-EMBS International Conference on Biomedical Robotics and Biomechatronics (BioRob 2010)},
 pages = {802--807},
 month = {Sep},
 year = {2010},
 organization = {IEEE},
 note = {Best conference paper award},
 x-international-audience = {Yes},
 x-language = {EN},
 url = {http://publis.icube.unistra.fr/4-GLPG10}
}

@Inproceedings{4-GPLG10,
 author = {Gagne, J. and Piccin, O. and Laroche, E. and Gangloff, J.},
 title = {A heart stabilization device exploiting gyroscopic actuation: design and control},
 booktitle  = {ASME International Design Engineering Technical Conferences (IDETC 2010)},
 month = {Aug},
 year = {2010},
 x-international-audience = {Yes},
 x-language = {EN},
 url = {http://publis.icube.unistra.fr/4-GPLG10}
}

@Inproceedings{7-GPLG10,
 author = {Gagne, J. and Piccin, O. and Laroche, E. and Gangloff, J.},
 title = {GyroLock : stabilisation active du myocarde par effet gyroscopique},
 booktitle  = {Groupe de travail Robotique M\'edicale, GDR Robotique, UPMC, Paris},
 month = {Jun},
 year = {2010},
 x-international-audience = {No},
 x-language = {FR},
 url = {http://publis.icube.unistra.fr/7-GPLG10}
}

@Inproceedings{7-GLPG10,
 author = {Gagne, J. and Laroche, E. and Piccin, O. and Gangloff, J.},
 title = {Commande d'un stabilisateur cardiaque actionn\'e par effet gyroscopique},
 booktitle  = {Groupe de travail Mod\'elisation et Outils pour la Synth\`ese et l'Analyse en Robustesse (MOSAR), GDR MACS, LIRMM, Montpellier},
 month = {Jan},
 year = {2010},
 x-international-audience = {No},
 x-language = {FR},
 url = {http://publis.icube.unistra.fr/7-GLPG10}
}

@Inproceedings{4-GPLG09,
 author = {Gagne, J. and Piccin, O. and Laroche, E. and Gangloff, J.},
 title = {A cardiac motion compensation device based on gyroscopic effect},
 booktitle  = {9th International IFAC Symposium on Robot Control (SYROCO'09)},
 pages = {639--644},
 month = {Sep},
 year = {2009},
 address = {Gifu, Japon},
 keywords = {surgical robotics, beating heart surgery, gyroscopic effect, LQR synthesis},
 x-international-audience = {Yes},
 x-language = {EN},
 url = {http://publis.icube.unistra.fr/4-GPLG09}
}

@Inproceedings{4-GLPG09,
 author = {Gagne, J. and Laroche, E. and Piccin, O. and Gangloff, J.},
 title = {An active cardiac stabilizer based on gyroscopic effect},
 booktitle  = {IEEE Engineering in Medicine and Biology Conference (EMBC 2009)},
 pages = {6769--6772},
 month = {Sep},
 year = {2009},
 address = {Minneapolis, MN, USA},
 ISSN = {1557-170X},
 doi = {10.1109/IEMBS.2009.5332512  },
 x-international-audience = {Yes},
 x-language = {EN},
 url = {http://publis.icube.unistra.fr/4-GLPG09}
}

@Inproceedings{4-JBBG09,
 author = {Joinie-Maurin, M. and Bayle, B. and Barb\'e, L. and Gangloff, J.},
 title = {Force feedback teleoperation with physiological motion compensation},
 booktitle  = {9th International IFAC Symposium on Robot Control (SYROCO'09)},
 month = {Sep},
 year = {2009},
 keywords = {Teleoperation, Motion Compensation, Predictive Control},
 x-international-audience = {Yes},
 x-language = {EN},
 url = {http://publis.icube.unistra.fr/4-JBBG09}
}

@Inproceedings{4-BRLG09,
 author = {Bachta, W. and Renaud, P. and Laroche, E. and Gangloff, J.},
 title = {Cardiolock 2 : parallel singularities for the design of an active heart stabilizer},
 booktitle  = {IEEE International Conference on Robotics and Automation (ICRA09)},
 pages = {3839--3844},
 month = {May},
 year = {2009},
 address = {Kobe, Japon},
 x-international-audience = {Yes},
 x-language = {EN},
 url = {http://publis.icube.unistra.fr/4-BRLG09}
}

@Inproceedings{7-JBBG09,
 author = {Joinie-Maurin, M. and Bayle, B. and Barb\'e, L. and Gangloff, J.},
 title = {T\'el\'echirurgie robotis\'ee au conatct d'organes mobiles},
 booktitle  = {Journ\'ees Nationales de la Recherche en Robotique (JNRR09)},
 month = {Nov},
 year = {2009},
 x-international-audience = {No},
 x-language = {FR},
 url = {http://publis.icube.unistra.fr/7-JBBG09}
}

@Inproceedings{7-BLRG09,
 author = {Bachta, W. and Laroche, E. and Renaud, P. and Gangloff, J.},
 title = {Commande H-infini pr\'edictive pour l’asservissement par vision d’un stabilisateur cardiaque actif},
 booktitle  = {Groupe de travail Mod\'elisation et Outils pour la Synth\`ese et l'Analyse en Robustesse (MOSAR), GDR MACS, Besan\ccon},
 month = {Jan},
 year = {2009},
 x-international-audience = {No},
 x-language = {FR},
 url = {http://publis.icube.unistra.fr/7-BLRG09}
}

@Inproceedings{4-ABGG08,
 author = {Ayadi, A. and Bayle, B. and Graebling, P. and Gangloff, J.},
 title = {An image guided-robot for needle-insertion in small animal. Accurate needle positioning using visual servoing},
 booktitle  = {IEEE/RSJ International Conference on Intelligent Robots and Systems (IROS 2008)},
 month = {Sep},
 year = {2008},
 x-international-audience = {Yes},
 x-language = {EN},
 url = {http://publis.icube.unistra.fr/4-ABGG08}
}

@Inproceedings{4-BLRG08,
 author = {Bachta, W. and Laroche, E. and Renaud, P. and Gangloff, J.},
 title = {Active Cardiac Stabilization using \( H_\infty \) Control Methodology},
 booktitle  = {17th IFAC World Congress, IFAC'08},
 pages = {11642--11647},
 month = {Jul},
 year = {2008},
 address = {seoul, south korea},
 x-international-audience = {Yes},
 x-language = {EN},
 url = {http://publis.icube.unistra.fr/4-BLRG08}
}

@Inproceedings{4-OZND08,
 author = {Ott, L. and Zanne, P. and Nageotte, F. and de Mathelin, M. and Gangloff, J.},
 title = {Physiological Motion Rejection in Flexible Endoscopy using Visual Servoing},
 booktitle  = {IEEE International Conference on Robotics and Automation (ICRA08)},
 month = {May},
 year = {2008},
 organization = {IEEE},
 address = {Pasadena, CA},
 x-international-audience = {Yes},
 x-language = {EN},
 url = {http://publis.icube.unistra.fr/4-OZND08}
}

@Inproceedings{5-BLRG08,
 author = {Bachta, W. and Laroche, E. and Renaud, P. and Gangloff, J.},
 title = {Asservissement d'un stabilisateur cardiaque actif},
 booktitle  = {Conf\'erence Internationale Francophone d'Automatique (CIFA'08) },
 month = {Sep},
 year = {2008},
 x-international-audience = {No},
 x-language = {FR},
 url = {http://publis.icube.unistra.fr/5-BLRG08}
}

@Inproceedings{4-ANBG07,
 author = {Ayadi, A. and Nicolau, S. and Bayle, B. and Graebling, P. and Gangloff, J.},
 title = {Fully Automatic Needle Calibration for Robotic-Assisted  Puncture on Small Animals},
 booktitle  = {The third IEEE-NIH LIfe Science Systems and Applications Workshop (LISSA 2007) },
 month = {Nov},
 year = {2007},
 x-international-audience = {Yes},
 x-language = {EN},
 url = {http://publis.icube.unistra.fr/4-ANBG07}
}

@Inproceedings{4-BRLG07,
 author = {Bachta, W. and Renaud, P. and Laroche, E. and Gangloff, J. and Forgione, A.},
 title = {Cardiolock: an active cardiac stabilizer, first in vivo experiments using a new robotized device},
 booktitle  = {International Conference on Medical Image Computing and Computer-Assisted Intervention (MICCAI'07)},
 volume = {1},
 pages = {78--85},
 month = {Oct},
 year = {2007},
 address = {Brisbane, Australie},
 note = {MICCAI Young Scientist Award in Computer Assisted Intervention Systems and Robotics},
 x-international-audience = {Yes},
 x-language = {EN},
 url = {http://publis.icube.unistra.fr/4-BRLG07}
}

@Inproceedings{4-BRLF07,
 author = {Bachta, W. and Renaud, P. and Laroche, E. and Forgione, A. and Gangloff, J.},
 title = {Design and control of a new active cardiac stabilizer},
 booktitle  = {IEEE/RSJ International Conference on Intelligent Robots and Systems (IROS 2007)},
 pages = {404--409},
 month = {Oct},
 year = {2007},
 x-international-audience = {Yes},
 x-language = {EN},
 url = {http://publis.icube.unistra.fr/4-BRLF07}
}

@Inproceedings{4-ABAB07,
 author = {Ayadi, A. and Bour, G. and Aprahamian, P. and Bayle, B. and Graebling, P. and Gangloff, J. and Soler, L. and Egly, J-M. and Marescaux, J.},
 title = {Fully Automated Image-Guided Needle Insertion: Application to small animal biopsies},
 booktitle  = {IEEE Engineering in Medecine and Biology Conference (EMBC'07)},
 month = {Aug},
 year = {2007},
 address = {Lyon, France},
 x-international-audience = {Yes},
 x-language = {EN},
 url = {http://publis.icube.unistra.fr/4-ABAB07}
}

@Inproceedings{4-BBPG07,
 author = {Barb\'e, L. and Bayle, B. and Piccin, O. and Gangloff, J. and de Mathelin, M.},
 title = {Design and evaluation of a linear haptic device},
 booktitle  = {IEEE International Conference on Robotics and Automation (ICRA07)},
 month = {Apr},
 year = {2007},
 address = {Rome, Italie},
 x-international-audience = {Yes},
 x-language = {EN},
 url = {http://publis.icube.unistra.fr/4-BBPG07}
}

@Inproceedings{4-RCGV07,
 author = {Ranftl, A. and Cuvillon, L. and Gangloff, J. and Vander Sloten, J.},
 title = {High Speed Visual Servoing with Ultrasonic Motors},
 booktitle  = {IEEE International Conference on Robotics and Automation (ICRA07)},
 month = {Apr},
 year = {2007},
 address = {Roma},
 x-international-audience = {Yes},
 x-language = {EN},
 url = {http://publis.icube.unistra.fr/4-RCGV07}
}

@Inproceedings{5-ABGG07,
 author = {Ayadi, A. and Bayle, B. and Gangloff, J. and Graebling, P.},
 title = {D\'eveloppement d'un syst\`eme d'insertion d'aiguille robotis\'ee : Application au petit animal},
 booktitle  = {Surgetica 2007 : Computer-Aided Medical Interventions},
 month = {Sep},
 year = {2007},
 address = {Chamb\'ery, France},
 x-international-audience = {No},
 x-language = {FR},
 url = {http://publis.icube.unistra.fr/5-ABGG07}
}

@Inproceedings{5-ANBG07,
 author = {Ayadi, A. and Nicolau, S. and Bayle, B. and Gangloff, J. and Graebling, P.},
 title = {Nouvelle m\'ethode de calibrage poignet-outil pour l’insertion d’aiguille robotis\'ee : Application au petit animal},
 booktitle  = {Onzi\`eme congr\`es francophone des jeunes chercheurs en vision par ordinateur (ORASIS'07)},
 month = {Jun},
 year = {2007},
 address = {Obernai, France},
 x-international-audience = {No},
 x-language = {FR},
 url = {http://publis.icube.unistra.fr/5-ANBG07}
}

@Inproceedings{7-BRLG07,
 author = {Bachta, W. and Renaud, P. and Laroche, E. and Gangloff, J.},
 title = {Nouvelle m\'ethode de calibrage robot-aiguille : Applications aux injections sur le petit animal},
 booktitle  = {Journ\'ees Nationales de la Recherche en Robotique (JNRR07)},
 month = {Oct},
 year = {2007},
 x-international-audience = {No},
 x-language = {FR},
 url = {http://publis.icube.unistra.fr/7-BRLG07}
}

@Inproceedings{7-GGP07,
 author = {Gagne, J. and Gangloff, J. and Piccin, O.},
 title = {Conception de dispositifs robotis\'es pour la chirurgie minimalement invasive transluminale},
 booktitle  = {Journ\'ees Nationales de la Recherche en Robotique (JNRR07)},
 month = {Oct},
 year = {2007},
 x-international-audience = {No},
 x-language = {FR},
 url = {http://publis.icube.unistra.fr/7-GGP07}
}

@Inproceedings{7-ANBG07,
 author = {Ayadi, A. and Nicolau, S. and Bayle, B. and Gangloff, J. and Graebling, P.},
 title = {Nouvelle m\'ethode de calibrage robot-aiguille : Applications aux injections sur le petit animal},
 booktitle  = {Journ\'ees Nationales de la Recherche en Robotique (JNRR07)},
 month = {Oct},
 year = {2007},
 x-international-audience = {No},
 x-language = {FR},
 url = {http://publis.icube.unistra.fr/7-ANBG07}
}

@Inproceedings{4-LCGD06,
 author = {Laroche, E. and Cuvillon, L. and Gangloff, J. and de Mathelin, M.},
 title = {Accounting for flexibilities in visual servoing},
 booktitle  = {IFAC Symposium on Robust Control (ROCOND)},
 month = {Jul},
 year = {2006},
 address = {Toulouse (France)},
 x-international-audience = {Yes},
 x-language = {FR},
 url = {http://publis.icube.unistra.fr/4-LCGD06}
}

@Inproceedings{4-MBGP06,
 author = {Maurin, B. and Bayle, B. and Gangloff, J. and Piccin, O. and Zanne, P. and de Mathelin, M.},
 title = {A Robotized Positioning Platform Guided by Computed Tomography : Practical Issues and Evaluation},
 booktitle  = {IEEE International Conference on Robotics and Automation},
 month = {May},
 year = {2006},
 address = {Orlando, United States},
 x-international-audience = {Yes},
 x-language = {FR},
 url = {http://publis.icube.unistra.fr/4-MBGP06}
}

@Inproceedings{4-CLGG06,
 author = {Cuvillon, L. and Laroche, E. and Garnier, H. and Gangloff, J. and de Mathelin, M.},
 title = {Continuous-time model identification of robot flexibilities for fast visual servoing},
 booktitle  = {IFAC Symposium on System Identification (SYSID)},
 month = {Mar},
 year = {2006},
 address = {Newcastle, Australie},
 x-international-audience = {Yes},
 x-language = {FR},
 url = {http://publis.icube.unistra.fr/4-CLGG06}
}

@Inproceedings{7-CLGD06,
 author = {Cuvillon, L. and Laroche, E. and Gangloff, J. and de Mathelin, M.},
 title = {Asservissement Visuel de Structures Articul\'ees avec Flexibilit\'es},
 booktitle  = {Groupe de Recherche Mod\'elisation et Outils pour la Synth\`ese et l'Analyse en Robustesse (MOSAR)},
 month = {Mar},
 year = {2006},
 x-international-audience = {No},
 x-language = {EN},
 url = {http://publis.icube.unistra.fr/7-CLGD06}
}

@Inproceedings{4-CGDF05,
 author = {Cuvillon, L. and Gangloff, J. and de Mathelin, M. and Forgione, A.},
 title = {Toward Robotized Beating Heart TECABG: Assessment of the Heart Dynamics Using High-Speed Vision},
 booktitle  = {MICCAI 2005},
 month = {Oct},
 year = {2005},
 address = {Palm Springs, USA},
 x-international-audience = {Yes},
 x-language = {FR},
 url = {http://publis.icube.unistra.fr/4-CGDF05}
}

@Inproceedings{4-CLGD05,
 author = {Cuvillon, L. and Laroche, E. and Gangloff, J. and de Mathelin, M.},
 title = {GPC versus H_infinity  Control for Fast Visual Servoing of a Medical Manipulator including Flexibilities},
 booktitle  = {IEEE International Conference on Robotics and Automation},
 month = {Apr},
 year = {2005},
 address = {Spain, Barcelona},
 x-international-audience = {Yes},
 x-language = {FR},
 url = {http://publis.icube.unistra.fr/4-CLGD05}
}

@Inproceedings{4-MHGD05,
 author = {Miura, K. and Hashimoto, K. and Gangloff, J. and de Mathelin, M.},
 title = {Visual Servoing without Jacobian Using Modified Simplex Optimization},
 booktitle  = {IEEE International Conference on Robotics and Automation},
 month = {Apr},
 year = {2005},
 address = {Spain, Barcelona},
 x-international-audience = {Yes},
 x-language = {FR},
 url = {http://publis.icube.unistra.fr/4-MHGD05}
}

@Inproceedings{4-MDGB05a,
 author = {Maurin, B. and Doignon, C. and Gangloff, J. and Bayle, B. and de Mathelin, M. and Piccin, O.},
 title = {CT-Bot: A stereotactic-Guided Robotic Assistant for Percutaneous Procedures of the Abdomen},
 booktitle  = {SPIE Medical Imaging 2005},
 month = {Feb},
 year = {2005},
 address = {San Diego, USA},
 x-international-audience = {Yes},
 x-language = {FR},
 url = {http://publis.icube.unistra.fr/4-MDGB05a}
}

@Inproceedings{5-MDGB05,
 author = {Maurin, B. and Doignon, C. and Gangloff, J. and Bayle, B. and de Mathelin, M. and Piccin, O.},
 title = {Needle tip positioning on the abdomen with a novel stereotaxic robotic assistant},
 booktitle  = {Conference SURGETICA: Computer-Aided Medical Interventions: tools and applications},
 month = {Jan},
 year = {2005},
 address = {Chamb\'ery, France},
 x-international-audience = {No},
 x-language = {EN},
 url = {http://publis.icube.unistra.fr/5-MDGB05}
}

@Inproceedings{4-MGBD04,
 author = {Maurin, B. and Gangloff, J. and Bayle, B. and de Mathelin, M. and Piccin, O. and Zanne, P. and Doignon, C. and Soler, L.},
 title = {A Parallel Robotic System with Force Sensors for Percutaneous Procedures Under CT-Guidance},
 booktitle  = {Medical Image Computing and Computer-Assisted Intervention – MICCAI 2004},
 month = {Oct},
 year = {2004},
 address = {France, Saint-Malo},
 x-international-audience = {Yes},
 x-language = {FR},
 url = {http://publis.icube.unistra.fr/4-MGBD04}
}

@Inproceedings{4-CGLG04,
 author = {Cuvillon, L. and Gangloff, J. and Laroche, E. and Ginhoux, R. and de Mathelin, M.},
 title = {Flexible Modes Identification of a Surgical Robot Using 500 Hz Imaging for High-speed Visual Servoing},
 booktitle  = {Mechatronics},
 month = {Sep},
 year = {2004},
 address = {Germany, Aachen},
 x-international-audience = {Yes},
 x-language = {FR},
 url = {http://publis.icube.unistra.fr/4-CGLG04}
}

@Inproceedings{4-MPBG04a,
 author = {Maurin, B. and Piccin, O. and Bayle, B. and Gangloff, J. and de Mathelin, M.},
 title = {A Parallel 5 DOF Positioner for Semi-Spherical Workspaces},
 booktitle  = {ASME Design Engineering Technical Conferences (DETC 04)},
 month = {Sep},
 year = {2004},
 x-international-audience = {Yes},
 x-language = {FR},
 url = {http://publis.icube.unistra.fr/4-MPBG04a}
}

@Inproceedings{4-MPBG04,
 author = {Maurin, B. and Piccin, O. and Bayle, B. and Gangloff, J. and de Mathelin, M. and Soler, L.},
 title = {A New Robotic System for CT-guided Percutaneous Procedures with Haptic Feedback},
 booktitle  = {Proceedings of the 2004 Computer Assisted Radiology and Surgery 18th International Congress},
 month = {Jun},
 year = {2004},
 address = {USA, Chicago},
 x-international-audience = {Yes},
 x-language = {FR},
 url = {http://publis.icube.unistra.fr/4-MPBG04}
}

@Inproceedings{4-GGDS04,
 author = {Ginhoux, R. and Gangloff, J. and de Mathelin, M. and Soler, L. and Sanchez, A.},
 title = {Beating Heart Tracking in Robotic Surgery Using 500 Hz Visual Servoing, Model Predictive Control and an adaptive Observer},
 booktitle  = {2004 IEEE International Conference on Robotics and Automation (ICRA'2004)},
 month = {Apr},
 year = {2004},
 address = {United States, New Orleans},
 note = {Received the best vision paper award},
 x-international-audience = {Yes},
 x-language = {FR},
 url = {http://publis.icube.unistra.fr/4-GGDS04}
}

@Inproceedings{4-MBBZ04,
 author = {Maurin, B. and Barb\'e, L. and Bayle, B. and Zanne, P. and Gangloff, J. and de Mathelin, M. and Soler, L. and Forgione, A.},
 title = {In Vivo Study of Forces During Needle Insertions},
 booktitle  = {Proceedings of the Medical Robotics, Navigation and Visualisation Scientific Workshop 2004},
 month = {Mar},
 year = {2004},
 address = {Germany, Remagen},
 x-international-audience = {Yes},
 x-language = {EN},
 url = {http://publis.icube.unistra.fr/4-MBBZ04}
}

@Inproceedings{4-GGDS04a,
 author = {Ginhoux, R. and Gangloff, J. and de Mathelin, M. and Soler, L. and Sanchez, A.},
 title = {Beating Heart Tracking in Robotic Surgery Using 500 Hz Visual Servoing},
 booktitle  = {Medical Robotics, Navigation and Visualization},
 month = {Mar},
 year = {2004},
 address = {Germany, Remagen},
 x-international-audience = {Yes},
 x-language = {FR},
 url = {http://publis.icube.unistra.fr/4-GGDS04a}
}

@Inproceedings{4-GGDS03c,
 author = {Ginhoux, R. and Gangloff, J. and de Mathelin, M. and Soler, L. and Leroy, M.},
 title = {A 500 Hz Predictive Visual Servoing Scheme to Mechanically Filter Complex Repetitive Organ Motions in Robotized Surgery},
 booktitle  = {2003 IEEE/RSJ International Conference on Intelligent Robots and Systems (IROS'2003)},
 month = {Oct},
 year = {2003},
 address = {United States, Las Vegas},
 x-international-audience = {Yes},
 x-language = {FR},
 url = {http://publis.icube.unistra.fr/4-GGDS03c}
}

@Inproceedings{4-GGDS03,
 author = {Ginhoux, R. and Gangloff, J. and de Mathelin, M. and Soler, L. and Leroy, M.},
 title = {Model Predictive Control For Tracking of Repetitive Organ Motions During Teleoperated Laparoscopic Interventions},
 booktitle  = {European Control Conference (ECC'2003)},
 month = {Sep},
 year = {2003},
 address = {United Kingdom, Cambridge},
 x-international-audience = {Yes},
 x-language = {FR},
 url = {http://publis.icube.unistra.fr/4-GGDS03}
}

@Inproceedings{4-GGDS03b,
 author = {Ginhoux, R. and Gangloff, J. and de Mathelin, M. and Soler, L. and Leroy, M.},
 title = {Model Predictive Control to Cancel Repetitive Deformations of Organs in Robotized Laparoscopic Surgery},
 booktitle  = {7th International IFAC Symposium on Robot Control (Syroco 2003)},
 month = {Sep},
 year = {2003},
 publisher = {Elsevier Science Editions},
 address = {Poland, Wroclaw},
 note = {Elsevier Science Editions},
 x-international-audience = {Yes},
 x-language = {FR},
 url = {http://publis.icube.unistra.fr/4-GGDS03b}
}

@Inproceedings{4-CLGD03,
 author = {Cuvillon, L. and Laroche, E. and Gangloff, J. and de Mathelin, M.},
 title = {A gain scheduled control for visual servoing for a flexible arm},
 booktitle  = {IFAC Symposium on Robust Control Design ROCOND'03},
 month = {Jun},
 year = {2003},
 address = {Italy, Milano},
 x-international-audience = {Yes},
 x-language = {FR},
 url = {http://publis.icube.unistra.fr/4-CLGD03}
}

@Inproceedings{4-GGDS03a,
 author = {Ginhoux, R. and Gangloff, J. and de Mathelin, M. and Soler, L. and Leroy, M.},
 title = {Model Predictive Control for Cancellation of Repetitive Organ Motions in Robotized Laparoscopic Surgery},
 booktitle  = {International Symposium on Surgery Simulation and Soft Tissue Modeling (IS4TM)},
 series = {Lecture Notes in Computer Science LNCS 2673},
 pages = {353-365},
 month = {Jun},
 year = {2003},
 publisher = {Springer-Verlag Heidelberg Editions.},
 address = {France, Sophia Antipolis},
 note = {Springer-Verlag Heidelberg Editions. Lecture Notes in Computer Science LNCS 2673},
 x-international-audience = {Yes},
 x-language = {FR},
 url = {http://publis.icube.unistra.fr/4-GGDS03a}
}

@Inproceedings{5-GGDS03,
 author = {Ginhoux, R. and Gangloff, J. and de Mathelin, M. and Soler, L. and Leroy, M. and Marescaux, J.},
 title = {Application de la commande pr\'edictive \`a la compensation de mouvements d\'organes r\'ep\'etitifs en chirurgie laparoscopique robotis\'ee},
 booktitle  = {Journ\'ees Doctorales d'Automatique 2003},
 month = {Jun},
 year = {2003},
 address = {France, Valenciennes},
 x-international-audience = {No},
 x-language = {FR},
 url = {http://publis.icube.unistra.fr/5-GGDS03}
}

@Inproceedings{5-CLGD03,
 author = {Cuvillon, L. and Laroche, E. and Gangloff, J. and de Mathelin, M.},
 title = {Asservissement visuel d'un bras flexible avec correcteurs Hinfini et LPV},
 booktitle  = {Journ\'ees Doctorales d'Automatique JDA'03},
 month = {Jun},
 year = {2003},
 address = {France, Valenciennes},
 x-international-audience = {No},
 x-language = {FR},
 url = {http://publis.icube.unistra.fr/5-CLGD03}
}

@Inproceedings{4-MGD02,
 author = {Miura, K. and Gangloff, J. and de Mathelin, M.},
 title = {Robust and Uncalibrated Visual Servoing without Jacobian using a Simplex Method},
 booktitle  = {International Conference on Intelligent Robots and Systems, IROS02},
 month = {Oct},
 year = {2002},
 address = {Swiss, Lausanne},
 x-international-audience = {Yes},
 x-language = {FR},
 url = {http://publis.icube.unistra.fr/4-MGD02}
}

@Inproceedings{4-KDGD02a,
 author = {Krupa, A. and Doignon, C. and Gangloff, J. and de Mathelin, M.},
 title = {Combined image-based and depth visual servoing applied to robotized laparoscopic surgery},
 booktitle  = {IEEE/RSJ International Conference on Intelligent Robots and Systems},
 month = {Sep},
 year = {2002},
 address = {Switzerland, Lausanne},
 x-international-audience = {Yes},
 x-language = {FR},
 url = {http://publis.icube.unistra.fr/4-KDGD02a}
}

@Inproceedings{4-KDDG02,
 author = {Krupa, A. and de Mathelin, M. and Doignon, C. and Gangloff, J. and Morel, G. and Soler, L. and Leroy, M. and Marescaux, J.},
 title = {Automatic 3-D positioning of surgical instruments during robotized laparoscopic surgery using automatic visual feedback},
 booktitle  = {Fifth International Conference on Medical Image Computing and Computer-Assisted Intervention (MICCAI)},
 month = {Sep},
 year = {2002},
 address = {Japan, Tokyo},
 x-international-audience = {Yes},
 x-language = {FR},
 url = {http://publis.icube.unistra.fr/4-KDDG02}
}

@Inproceedings{4-GKGD02,
 author = {Ginhoux, R. and Krupa, A. and Gangloff, J. and de Mathelin, M. and Soler, L.},
 title = {Active Mechanical Filtering of Breathing-Induced Motion in Robotized Laparoscopy},
 booktitle  = {Surgetica'2002: Computer-Aided Medical Interventions: tools and applications},
 month = {Sep},
 year = {2002},
 publisher = {Sauramps Medical Editions},
 address = {France, Grenoble},
 note = {Sauramps Medical Editions},
 x-international-audience = {Yes},
 x-language = {FR},
 url = {http://publis.icube.unistra.fr/4-GKGD02}
}

@Inproceedings{4-KDGD02b,
 author = {Krupa, A. and Doignon, C. and Gangloff, J. and de Mathelin, M. and Morel, G. and Soler, L. and Leroy, M. and Ghodoussi, M.},
 title = {Towards semi-autonomy in laparoscopic surgery : first live experiments},
 booktitle  = {8 th International Symposium on Experimental Robotics (ISER)},
 month = {Jul},
 year = {2002},
 address = {Italy, Sant'Angelo d'Ischia},
 x-international-audience = {Yes},
 x-language = {FR},
 url = {http://publis.icube.unistra.fr/4-KDGD02b}
}

@Inproceedings{4-KDGD02,
 author = {Krupa, A. and de Mathelin, M. and Gangloff, J. and Doignon, C. and Morel, G.},
 title = {A vision system for automatic 3D positioning of surgical instruments for laparoscopic surgery with robot},
 booktitle  = {12th International Symposium on Measurement and Control in Robotics},
 month = {Jun},
 year = {2002},
 address = {France, Bourges},
 x-international-audience = {Yes},
 x-language = {FR},
 url = {http://publis.icube.unistra.fr/4-KDGD02}
}

@Inproceedings{4-KGDD02,
 author = {Krupa, A. and Gangloff, J. and de Mathelin, M. and Doignon, C. and Morel, G. and Soler, L. and Leroy, M. and Marescaux, J.},
 title = {Autonomous retrieval and positioning of surgical instruments in robotized laparoscopic surgery using visual servoing and laser pointers},
 booktitle  = {IEEE International Conference on Robotics and Automation},
 pages = {3769-3774},
 month = {May},
 year = {2002},
 address = {U.S.A., Washington D.C.},
 x-international-audience = {Yes},
 x-language = {FR},
 url = {http://publis.icube.unistra.fr/4-KGDD02}
}

@Inproceedings{4-KDGD02c,
 author = {Krupa, A. and Doignon, C. and Gangloff, J. and de Mathelin, M. and Morel, G.},
 title = {Autonomous retrieval and positioning of a surgical tool in robotized laparoscopic surgery using visual servoing},
 booktitle  = {IEEE International Conference on Robotics and Automation},
 month = {May},
 year = {2002},
 address = {USA, Washington D.C.},
 note = {Video Proceedings},
 x-international-audience = {Yes},
 x-language = {FR},
 url = {http://publis.icube.unistra.fr/4-KDGD02c}
}

@Inproceedings{5-KDDG02,
 author = {Krupa, A. and de Mathelin, M. and Doignon, C. and Gangloff, J. and Morel, G. and Soler, L. and Leroy, M. and Marescaux, J.},
 title = {Automatic positioning of surgical instruments during laparoscopic surgery with robots using automatic visual feedback},
 booktitle  = {Conference on Modelling and Simulation for Computer aided Medicine and Surgery (MS4CMS’02)},
 month = {Nov},
 year = {2002},
 editor = {ESAIM-Proceedings},
 address = {France, Rocquencourt},
 x-international-audience = {No},
 x-language = {FR},
 url = {http://publis.icube.unistra.fr/5-KDDG02}
}

@Inproceedings{4-KDDG01,
 author = {Krupa, A. and de Mathelin, M. and Doignon, C. and Gangloff, J. and Morel, G. and Soler, L. and Marescaux, J.},
 title = {Development of semi-autonomous control modes in laparoscopic surgery using visual servoing},
 booktitle  = {4th International Conference on Medical Image Computing and Computer-Assisted Intervention (MICCAI)},
 pages = {1306-1307},
 month = {Oct},
 year = {2001},
 address = {Netherlands, Utrecht},
 x-international-audience = {Yes},
 x-language = {FR},
 url = {http://publis.icube.unistra.fr/4-KDDG01}
}

@Inproceedings{4-KDGD00,
 author = {Krupa, A. and Doignon, C. and Gangloff, J. and de Mathelin, M. and Soler, L. and Morel, G.},
 title = {Towards semi-autonomy in laparoscopic surgery through vision and force feedback control},
 booktitle  = {7th International Symposium on Experimental Robotics (ISER)},
 month = {Dec},
 year = {2000},
 address = {U.S.A., Hawaii},
 x-international-audience = {Yes},
 x-language = {FR},
 url = {http://publis.icube.unistra.fr/4-KDGD00}
}

@Inproceedings{4-GD00,
 author = {Gangloff, J. and de Mathelin, M.},
 title = {High speed visual servoing of a DOF manipulator using multivariable predictive control},
 booktitle  = {IEEE Int. Conference on Robotics and Automation},
 month = {Apr},
 year = {2000},
 address = {U.S.A., San Francisco, Californie},
 x-international-audience = {Yes},
 x-language = {FR},
 url = {http://publis.icube.unistra.fr/4-GD00}
}

@Inproceedings{4-GDA99a,
 author = {Gangloff, J. and de Mathelin, M. and Abba, G.},
 title = {High performance 6 DOF visual servoing using generalized predictive control},
 booktitle  = {5th European Control Conference ECC'99},
 month = {Aug},
 year = {1999},
 address = {Allemagne, Karlsruhe},
 note = {(communication invit\'ee), CD-ROM F1059-2.pdf},
 x-international-audience = {Yes},
 x-language = {FR},
 url = {http://publis.icube.unistra.fr/4-GDA99a}
}

@Inproceedings{4-GDA99,
 author = {Gangloff, J. and de Mathelin, M. and Abba, G.},
 title = {Visual servoing of a 6 DOF manipulator for unknown 3D profile following},
 booktitle  = { IEEE Int. Conference on Robotics and Automation},
 pages = {3236-3242},
 month = {May},
 year = {1999},
 address = {U.S.A., Detroit, Michigan},
 x-international-audience = {Yes},
 x-language = {FR},
 url = {http://publis.icube.unistra.fr/4-GDA99}
}

