@Misc{7-MG05,
 author = {Morel, G. and Gangloff, J.},
 title = {Commande r\'ef\'erenc\'ee capteur en robotique m\'edicale et chirurgicale},
 month = {Oct},
 year = {2005},
 x-language = {FR},
 url = {http://publis.icube.unistra.fr/7-MG05}
}

@Misc{7-LCGD05,
 author = {Laroche, E. and Cuvillon, L. and Gangloff, J. and de Mathelin, M.},
 title = {Asservissement visuel rapide pour la chirurgie cardiaque},
 booktitle  = {S},
 month = {Feb},
 year = {2005},
 address = {France, Nancy},
 x-language = {FR},
 url = {http://publis.icube.unistra.fr/7-LCGD05}
}

@Misc{7-GGDS03,
 author = {Ginhoux, R. and Gangloff, J. and de Mathelin, M. and Soler, L. and Leroy, M. and Marescaux, J.},
 title = {Commande pr\'edictive et compensation de mouvements d\'organes r\'ep\'etitifs en chirurgie laparoscopique robotis\'ee},
 booktitle  = {17},
 month = {Apr},
 year = {2003},
 address = {France, V\'elizy},
 x-language = {FR},
 url = {http://publis.icube.unistra.fr/7-GGDS03}
}

@Misc{7-KDGD00,
 author = {Krupa, A. and Doignon, C. and Gangloff, J. and de Mathelin, M. and Morel, G. and Soler, L.},
 title = {R\'ealisation de t\^aches semi-autonomes avec un robot de chirugie laparoscopique par retour d'effort et asservissement visuel},
 booktitle  = {Journ},
 month = {Dec},
 year = {2000},
 address = {France, Rennes},
 x-language = {FR},
 url = {http://publis.icube.unistra.fr/7-KDGD00}
}

@Misc{7-Gang00,
 author = {Gangloff, J.},
 title = {Image handling in vision: high speed visual servoing improves robot tracking},
 month = {Apr},
 year = {2000},
 note = {p.32-33},
 x-language = {FR},
 url = {http://publis.icube.unistra.fr/7-Gang00}
}

@Misc{7-GDA99,
 author = {Gangloff, J. and de Mathelin, M. and Abba, G.},
 title = {Asservissement visuel rapide d'un robot manipulateur \`a 6 degr\'es de libert\'e},
 booktitle  = {Journ},
 month = {Mar},
 year = {1999},
 address = {France, Toulouse},
 x-language = {FR},
 url = {http://publis.icube.unistra.fr/7-GDA99}
}

@Misc{7-GDA99a,
 author = {Gangloff, J. and de Mathelin, M. and Abba, G.},
 title = {Application de la commande pr\'edictive \`a l'asservissement visuel rapide \`a 6 degr\'es de libert\'e d'un robot manipulateur},
 booktitle  = {Groupe de travail sur la commande robuste des syst},
 month = {Mar},
 year = {1999},
 address = {France, Strasbourg},
 note = {Groupe de travail sur la commande robuste des syst\`emes multivariables, GDR automatique},
 x-language = {FR},
 url = {http://publis.icube.unistra.fr/7-GDA99a}
}

