@Article{2-ANCDxx,
 author = {Arpa Perozo, M. and Niddam, E. and Cuvillon, L. and Durand, S. and Gangloff, J.},
 title = {Teleoperation of a Suspended Aerial Manipulator Using a Handheld Camera with an IMU},
 journal = {IEEE Robotics and Automation Letters},
 x-international-audience = {Yes},
 x-language = {EN},
 url = {http://publis.icube.unistra.fr/2-ANCDxx}
}

@Article{2-NDCD24,
 author = {Niddam, E. and Dumon, J. and Cuvillon, L. and Durand, S. and Querry, S. and Hably, A. and Gangloff, J.},
 title = {Design of a Suspended Manipulator with Aerial Elliptic Winding},
 journal = {IEEE Robotics and Automation Letters},
 number = {9},
 volume = {9},
 year = {2024},
 doi = {10.1109/LRA.2024.3434928},
 x-international-audience = {Yes},
 x-language = {EN},
 url = {http://publis.icube.unistra.fr/2-NDCD24}
}

@Article{2-CAYD23,
 author = {Cuvillon, L. and Arpa Perozo, M. and Yigit, A. and Durand, S. and Gangloff, J.},
 title = {Offset-free Nonlinear Model Predictive Control for Improving Dynamics of Cable-Driven Parallel Robots with On-board Thrusters},
 journal = {Mechanism and Machine Theory},
 number = {105141},
 volume = {180},
 year = {2023},
 doi = {10.1016/j.mechmachtheory.2022.105141},
 x-international-audience = {Yes},
 x-language = {EN},
 url = {http://publis.icube.unistra.fr/2-CAYD23}
}

@Article{2-YCAD23,
 author = {Yigit, A. and Cuvillon, L. and Arpa Perozo, M. and Durand, S. and Gangloff, J.},
 title = {Dynamic Control of a Macro–Mini Aerial Manipulator With Elastic Suspension},
 journal = {IEEE Transactions on Robotics},
 number = {6},
 volume = {39},
 year = {2023},
 doi = {10.1109/TRO.2023.3299548},
 x-international-audience = {Yes},
 x-language = {EN},
 url = {http://publis.icube.unistra.fr/2-YCAD23}
}

@Article{2-YACD21,
 author = {Yigit, A. and Arpa Perozo, M. and Cuvillon, L. and Durand, S. and Gangloff, J.},
 title = {Novel Omnidirectional Aerial Manipulator with Elastic Suspension: Dynamic Control and Experimental Performance Assessment},
 journal = {IEEE Robotics and Automation Letters},
 number = {2},
 volume = {6},
 year = {2021},
 doi = {10.1109/LRA.2020.3048880},
 x-international-audience = {Yes},
 x-language = {EN},
 url = {http://publis.icube.unistra.fr/2-YACD21}
}

@Article{2-CWG20,
 author = {Cuvillon, L. and Weber, X. and Gangloff, J.},
 title = {Modal Control for Active Vibration Damping of Cable-Driven Parallel Robots},
 journal = {Journal of Mechanisms and Robotics},
 volume = {12},
 year = {2020},
 x-international-audience = {Yes},
 x-language = {EN},
 url = {http://publis.icube.unistra.fr/2-CWG20}
}

@Article{2-BCLG19,
 author = {Begey, J. and Cuvillon, L. and Lesellier, M. and Gouttefarde, M. and Gangloff, J.},
 title = {Dynamic  Control  of  Parallel  Robots  Driven  by  Flexible Cables  and  Actuated  by  Position-Controlled  Winches},
 journal = {IEEE Transactions on Robotics},
 number = {1},
 volume = {35},
 year = {2019},
 doi = {10.1109/TRO.2018.2875415},
 x-international-audience = {Yes},
 x-language = {EN},
 url = {http://publis.icube.unistra.fr/2-BCLG19}
}

@Article{2-RRCG14,
 author = {Rubbert, L. and Renaud, P. and Caro, S. and Gangloff, J.},
 title = {Design of a compensation mechanisms for an active cardiac stabilizer based on an assembly of planar compliant mechanisms},
 journal = {Mechanics & Industry},
 number = {2},
 volume = {15},
 pages = {147--151},
 month = {Sep},
 year = {2014},
 doi = {10.1051/meca/2014013},
 x-international-audience = {Yes},
 x-language = {EN},
 url = {http://publis.icube.unistra.fr/2-RRCG14}
}

@Article{2-BMGB14,
 author = {Bour, G. and Martel, F. and Goffin, L. and Bayle, B. and Gangloff, J. and Aprahamian, P. and Marescaux, J. and Egly, J-M.},
 title = {Design and Development of a Robotized System Coupled to \( \mu \)CT Imaging for Intratumoral Drug Evaluation in a HCC Mouse Model},
 journal = {PLoS ONE},
 pages = {8},
 month = {Sep},
 year = {2014},
 doi = {10.1371/journal.pone.0106675},
 x-international-audience = {Yes},
 x-language = {EN},
 url = {http://publis.icube.unistra.fr/2-BMGB14}
}

@Article{2-RCGR14,
 author = {Rubbert, L. and Caro, S. and Gangloff, J. and Renaud, P.},
 title = {Using Singularities of Parallel Manipulators to Enhance the Rigid-Body Replacement Design Method of Compliant Mechanisms},
 journal = {Journal of Mechanical Design},
 number = {5},
 volume = {136},
 pages = {51010},
 month = {May},
 year = {2014},
 doi = {10.1115/1.4026949},
 x-international-audience = {Yes},
 x-language = {EN},
 url = {http://publis.icube.unistra.fr/2-RCGR14}
}

@Article{3-GPLD14,
 author = {Gagne, J. and Piccin, O. and Laroche, E. and Diana, M. and Gangloff, J.},
 title = {Commande du stabilisateur cardiaque actif GyroLock},
 journal = {Journal Europ\'een des Syst\`emes Automatis\'es},
 number = {7-8},
 pages = {1-27},
 month = {Jul},
 year = {2014},
 x-international-audience = {No},
 x-language = {FR},
 url = {http://publis.icube.unistra.fr/3-GPLD14}
}

@Article{2-GBMN13,
 author = {Goffin, L. and Bour, G. and Martel, F. and Nicolau, S. and Gangloff, J. and Egly, J-M. and Bayle, B.},
 title = {Design and In Vivo Evaluation of a Robotized Needle Insertion System for Small Animals},
 journal = {IEEE Transactions on Biomedical Engineering},
 number = {8},
 volume = {60},
 pages = {2193--2204},
 month = {Aug},
 year = {2013},
 doi = {10.1109/TBME.2013.2243728},
 x-international-audience = {Yes},
 x-language = {EN},
 url = {http://publis.icube.unistra.fr/2-GBMN13}
}

@Article{2-CLGD12,
 author = {Cuvillon, L. and Laroche, E. and Gangloff, J. and de Mathelin, M.},
 title = {A multivariable methodology for fast visual servoing of flexible manipulators moving in a restricted workspace},
 journal = {Advanced Robotics},
 number = {15},
 volume = {26},
 pages = {1771--1797},
 month = {May},
 year = {2012},
 doi = {10.1080/01691864.2012.685230},
 x-international-audience = {Yes},
 x-language = {EN},
 url = {http://publis.icube.unistra.fr/2-CLGD12}
}

@Article{2-GPLD12,
 author = {Gagne, J. and Piccin, O. and Laroche, E. and Diana, M. and Gangloff, J.},
 title = {GyroLock: Stabilizing the heart with control moment gyroscope (CMG) - From concept to first in vivo assessments},
 journal = {IEEE Transactions on Robotics},
 number = {4},
 volume = {28},
 pages = {942--954},
 year = {2012},
 doi = {10.1109/TRO.2012.2188162},
 x-international-audience = {Yes},
 x-language = {EN},
 url = {http://publis.icube.unistra.fr/2-GPLD12}
}

@Article{3-NLCG12,
 author = {Nguyen, T-T. and Laroche, E. and Cuvillon, L. and Gangloff, J. and Piccin, O.},
 title = {Identification d’un mod\`ele ph\'enom\'enologique de robot \`a c\^ables},
 journal = {Journal Europ\'een des Syst\`emes Automatis\'es},
 number = {6-7},
 volume = {56},
 pages = {673--689},
 month = {Nov},
 year = {2012},
 note = {Num\'ero sp\'ecial "Identification des Syst\`emes"},
 doi = {10.3166/jesa.46.673-689},
 x-international-audience = {No},
 x-language = {FR},
 url = {http://publis.icube.unistra.fr/3-NLCG12}
}

@Article{3-BLRG12,
 author = {Bachta, W. and Laroche, E. and Renaud, P. and Gangloff, J.},
 title = {Commande robuste d’un stabilisateur cardiaque actif},
 journal = {Journal Europ\'een des Syst\`emes Automatis\'es},
 number = {4-5},
 volume = {46},
 pages = {559--575},
 year = {2012},
 doi = {10.3166/jesa.46.559-575},
 x-international-audience = {No},
 x-language = {FR},
 url = {http://publis.icube.unistra.fr/3-BLRG12}
}

@Article{2-BRLF11,
 author = {Bachta, W. and Renaud, P. and Laroche, E. and Forgione, A. and Gangloff, J.},
 title = {Active stabilization for robotized beating heart surgery},
 journal = {IEEE Transactions on Robotics},
 number = {4},
 volume = {27},
 pages = {757--768},
 year = {2011},
 doi = {10.1109/TRO.2011.2137770},
 x-international-audience = {Yes},
 x-language = {EN},
 url = {http://publis.icube.unistra.fr/2-BRLF11}
}

@Article{2-BRLG11,
 author = {Bachta, W. and Renaud, P. and Laroche, E. and Gangloff, J.},
 title = {The Cardiolock project: design of an active cardiac stabilizer for cardiac surgery},
 journal = {Journal of Mechanical Design},
 number = {071002},
 volume = {133},
 pages = {1--10},
 year = {2011},
 doi = {10.1115/1.4004117},
 x-international-audience = {Yes},
 x-language = {EN},
 url = {http://publis.icube.unistra.fr/2-BRLG11}
}

@Article{2-RRBG11,
 author = {Rubbert, L. and Renaud, P. and Bachta, W. and Gangloff, J.},
 title = {Compliant mechanisms for an active cardiac stabilizer: lessons and new requirements in the design of a novel surgical tool},
 journal = {Mechanical Sciences (MS)},
 number = {1},
 volume = {2},
 pages = {119--127},
 year = {2011},
 doi = {10.5194/ms-2-119-2011},
 x-international-audience = {Yes},
 x-language = {EN},
 url = {http://publis.icube.unistra.fr/2-RRBG11}
}

@Article{2-BRCL09,
 author = {Bachta, W. and Renaud, P. and Cuvillon, L. and Laroche, E. and Forgione, A. and Gangloff, J.},
 title = {Motion prediction for computer-assisted beating heart surgery},
 journal = {IEEE Transactions on Biomedical Engineering},
 number = {11},
 volume = {56},
 pages = {2551-2563},
 year = {2009},
 publisher = {IEEE},
 doi = {10.1109/TBME.2009.2026054},
 x-international-audience = {Yes},
 x-language = {EN},
 url = {http://publis.icube.unistra.fr/2-BRCL09}
}

@Article{2-BRLF08,
 author = {Bachta, W. and Renaud, P. and Laroche, E. and Forgione, A. and Gangloff, J.},
 title = {Cardiolock: an active cardiac stabilizer, first in vivo experiments using a new robotized device},
 journal = {Computer Aided Surgery},
 volume = {13},
 pages = {243-254},
 year = {2008},
 doi = {10.3109/10929080802413129},
 x-international-audience = {Yes},
 x-language = {EN},
 url = {http://publis.icube.unistra.fr/2-BRLF08}
}

@Article{2-MBPG08,
 author = {Maurin, B. and Bayle, B. and Piccin, O. and Gangloff, J. and de Mathelin, M. and Doignon, C. and Zanne, P. and Gangi, A.},
 title = {A Patient-Mounted Robotic Platform for CT-scan Guided Procedures},
 journal = {IEEE Transactions on Biomedical Engineering},
 number = {10},
 volume = {55},
 pages = {2417--2425},
 year = {2008},
 x-international-audience = {Yes},
 x-language = {EN},
 url = {http://publis.icube.unistra.fr/2-MBPG08}
}

@Article{2-MHIG06,
 author = {Miura, K. and Hashimoto, K. and Inooka, H. and Gangloff, J. and de Mathelin, M.},
 title = {Model-less visual servoing using modified simplex optimization},
 journal = {Artificial Life and Robotics},
 number = {2},
 volume = {10},
 pages = {131--135},
 month = {Nov},
 year = {2006},
 x-international-audience = {Yes},
 x-language = {EN},
 url = {http://publis.icube.unistra.fr/2-MHIG06}
}

@Article{2-RGD06,
 author = {Riviere, C. and Gangloff, J. and de Mathelin, M.},
 title = {Robotic compensation of biological motion to enhance surgical accuracy},
 journal = {Proceedings of the IEEE},
 number = {9},
 volume = {94},
 pages = {1705--1716},
 month = {Sep},
 year = {2006},
 x-international-audience = {Yes},
 x-language = {EN},
 url = {http://publis.icube.unistra.fr/2-RGD06}
}

@Article{2-CGDF06,
 author = {Cuvillon, L. and Gangloff, J. and de Mathelin, M. and Forgione, A.},
 title = {Towards robotized beating heart TECABG : assessment of the heart dynamics using high-speed vision},
 journal = {Computer Aided Surgery},
 number = {5},
 volume = {11},
 pages = {267 - 277},
 month = {Sep},
 year = {2006},
 x-international-audience = {Yes},
 x-language = {EN},
 url = {http://publis.icube.unistra.fr/2-CGDF06}
}

@Article{2-GGDS06,
 author = {Gangloff, J. and Ginhoux, R. and de Mathelin, M. and Soler, L. and Marescaux, J.},
 title = {Model predictive control for compensation of cyclic organ motions in teleoperated laparoscopic surgery},
 journal = {IEEE Transactions on Control Systems Technology},
 number = {2},
 volume = {14},
 pages = {235--246},
 month = {Mar},
 year = {2006},
 x-international-audience = {Yes},
 x-language = {EN},
 url = {http://publis.icube.unistra.fr/2-GGDS06}
}

@Article{2-GGDS05,
 author = {Ginhoux, R. and Gangloff, J. and de Mathelin, M. and Soler, L. and Sanchez, A.},
 title = {Active Filtering of Physiological Motion in Robotized Surgery Using Predictive Control},
 journal = {IEEE Transactions on Robotics},
 number = {1},
 volume = {21},
 pages = {67--79},
 month = {Feb},
 year = {2005},
 note = {Best paper award 2005},
 x-international-audience = {Yes},
 x-language = {EN},
 url = {http://publis.icube.unistra.fr/2-GGDS05}
}

@Article{2-GD03,
 author = {Gangloff, J. and de Mathelin, M.},
 title = {High speed visual servoing of a 6 DOF manipulator using multivariable predictive control},
 journal = {Advanced Robotics},
 month = {Dec},
 year = {2003},
 note = {Special issue : advanced 3D vision and its application to robotics},
 x-international-audience = {Yes},
 x-language = {EN},
 url = {http://publis.icube.unistra.fr/2-GD03}
}

@Article{2-KGDD03,
 author = {Krupa, A. and Gangloff, J. and Doignon, C. and de Mathelin, M. and Morel, G. and Leroy, M. and Soler, L.},
 title = {Autonomous 3-D positioning of surgical instruments in robotized laparoscopic surgery using visual servoing},
 journal = {IEEE Transactions on Robotics and Automation},
 month = {Oct},
 year = {2003},
 x-international-audience = {Yes},
 x-language = {EN},
 url = {http://publis.icube.unistra.fr/2-KGDD03}
}

@Article{2-GD02,
 author = {Gangloff, J. and de Mathelin, M.},
 title = {Visual servoing of a 6 DOF manipulator for unknown 3D profile following},
 journal = {IEEE Transactions on Robotics and Automation},
 month = {Aug},
 year = {2002},
 x-international-audience = {Yes},
 x-language = {EN},
 url = {http://publis.icube.unistra.fr/2-GD02}
}

@Article{2-SDAG99,
 author = {Sage, H. and de Mathelin, M. and Abba, G. and Gangloff, J. and Ostertag, E.},
 title = {Synthesis of robust H_infinity controllers for industrial robot manipulators using nonlinear optimization},
 journal = {Intelligent Automation & Soft Computing},
 number = {4},
 pages = {279-288},
 year = {1999},
 x-international-audience = {Yes},
 x-language = {EN},
 url = {http://publis.icube.unistra.fr/2-SDAG99}
}

