@Techreport{10-OZDG07,
 author = {Ott, L. and Zanne, P. and de Mathelin, M. and Gangloff, J.},
 title = {Dispositif d’endoscope flexible \`a asservissement visuel et proc\'ed\'e de stabilisation d’un tel dispositif},
 booktitle  = {Flexible endoscope device with visual control and method for stabilising such device},
 number = {USPROV 60/902,862},
 month = {Feb},
 year = {2007},
 publisher = {U. Strasbourg et CNRS},
 note = {Phases nationales en cours d'examen (Europe, US)},
 type = {D\'ep\^ot de brevet provisionnel US},
 x-language = {FR},
 url = {http://publis.icube.unistra.fr/10-OZDG07}
}

@Techreport{10-BRLG07,
 author = {Bachta, W. and Renaud, P. and Laroche, E. and Gangloff, J.},
 title = {Conception et commande d'un stabilisateur cardiaque actif},
 number = {60/880,378},
 month = {Jan},
 year = {2007},
 note = {Abandonn\'e},
 type = {D\'ep\^ot de brevet provisionnel US},
 x-language = {FR},
 url = {http://publis.icube.unistra.fr/10-BRLG07}
}

@Techreport{10-DMBG05,
 author = {de Mathelin, M. and Maurin, B. and Bayle, B. and Gangloff, J. and Piccin, O.},
 title = {Dispositif de maintien et de d\'eplacement contr\^ol\'e en translation d’un corps allong\'e},
 booktitle  = {Device for supporting an elongated body and for the controlled translational movement of same},
 number = {FR0502016},
 month = {Feb},
 year = {2005},
 publisher = {U. Strasbourg, INSA Strasbourg, CNRS, Ircad},
 note = {Brevets fran\ccais, europ\'een et US d\'elivr\'es},
 type = {D\'ep\^ot de brevet fran\ccais},
 ISSN = {FR2882514},
 x-language = {FR},
 url = {http://publis.icube.unistra.fr/10-DMBG05}
}

@Techreport{10-DMBG04,
 author = {de Mathelin, M. and Maurin, B. and Bayle, B. and Gangloff, J. and Piccin, O.},
 title = {Syst\`eme de robot m\'edical},
 number = {USPROV 60/612,503},
 month = {Sep},
 year = {2004},
 publisher = {U. Strasbourg, INSA Strasbourg, CNRS, Ircad},
 note = {Brevet US d\'elivr\'e},
 type = {D\'ep\^ot de brevet provisionnel US},
 x-language = {FR},
 url = {http://publis.icube.unistra.fr/10-DMBG04}
}

