@Techreport{7-CG00,
 author = {Couderc, D. and Gangloff, J.},
 title = {Am\'elioration de la fiabilit\'e du syst\`eme Lucane},
 institution = {ULP},
 month = {Sep},
 year = {2000},
 note = {Rapport interm\'ediaire de contrat EDF no P29L39/EP962},
 x-language = {FR},
 url = {http://publis.icube.unistra.fr/7-CG00}
}

@Techreport{7-MG99,
 author = {Morel, G. and Gangloff, J.},
 title = {Analyse de la proc\'edure d'identification utilis\'ee pour le rep\'erage de tubes en bol GV \`a l'aide de Lucane},
 institution = {ULP},
 month = {Nov},
 year = {1999},
 note = {Rapport interm\'ediaire de contrat EDF no P29L39/ EP962},
 x-language = {FR},
 url = {http://publis.icube.unistra.fr/7-MG99}
}

