@HDR{9-Gang04,
 author = {Gangloff, J.},
 title = {Asservissements visuels et chirurgie robotis\'ee},
 school = {629},
 month = {Dec},
 year = {2004},
 address = {Strasbourg},
 note = {Soutenue le 16/12/2004. Jury: E. Dombre, F. Chaumette, C. Barillot, B. Nelson, F. Heitz et M. de Mathelin},
 type = {Habilitation \`a Diriger des Recherches},
 x-language = {FR},
 url = {http://publis.icube.unistra.fr/9-Gang04}
}

@Phdthesis{8-Gang99,
 author = {Gangloff, J.},
 title = {Asservissements visuels rapides d'un robot manipulateur \`a 6 d\'egr\'es de libert\'e.},
 school = {629},
 month = {Jan},
 year = {1999},
 address = {Strasbourg},
 note = {Jury : MM. G. Abba (directeur), G. Hirzinger et P.-L.. Wendel (rapp. interne)},
 x-language = {FR},
 url = {http://publis.icube.unistra.fr/8-Gang99}
}

